<?xml version="1.0" encoding="UTF-8"?>
<record>
  <leader>01732nas a2200577#c 4500</leader>
  <controlfield tag="005">20200826094757.0</controlfield>
  <controlfield tag="007">tu</controlfield>
  <controlfield tag="008">080717c20099999gw f||p|  ||| 0||||1ger c</controlfield>
  <controlfield tag="003">DE-605</controlfield>
  <controlfield tag="001">990170546170206441</controlfield>
  <datafield tag="015" ind1=" " ind2=" ">
    <subfield code="a">10,A10</subfield>
    <subfield code="2">dnb</subfield>
  </datafield>
  <datafield tag="016" ind1="7" ind2=" ">
    <subfield code="a">2438569-4</subfield>
    <subfield code="2">DE-600</subfield>
  </datafield>
  <datafield tag="016" ind1="7" ind2=" ">
    <subfield code="a">989651053</subfield>
    <subfield code="2">DE-101</subfield>
  </datafield>
  <datafield tag="022" ind1=" " ind2=" ">
    <subfield code="a">1866-959X</subfield>
    <subfield code="0">http://worldcat.org/issn/1866-959X</subfield>
  </datafield>
  <datafield tag="022" ind1=" " ind2=" ">
    <subfield code="a">1866-959X</subfield>
    <subfield code="2">6</subfield>
    <subfield code="0">http://worldcat.org/issn/1866-959X</subfield>
  </datafield>
  <datafield tag="035" ind1=" " ind2=" ">
    <subfield code="a">(DE-599)ZDB2438569-4</subfield>
  </datafield>
  <datafield tag="035" ind1=" " ind2=" ">
    <subfield code="a">(OCoLC)699274666</subfield>
  </datafield>
  <datafield tag="035" ind1=" " ind2=" ">
    <subfield code="a">(DE-600)2438569-4</subfield>
  </datafield>
  <datafield tag="035" ind1=" " ind2=" ">
    <subfield code="a">(DE-101)989651053</subfield>
  </datafield>
  <datafield tag="040" ind1=" " ind2=" ">
    <subfield code="a">1230</subfield>
    <subfield code="b">ger</subfield>
    <subfield code="c">DE-101</subfield>
    <subfield code="d">9001</subfield>
  </datafield>
  <datafield tag="041" ind1=" " ind2=" ">
    <subfield code="a">ger</subfield>
  </datafield>
  <datafield tag="044" ind1=" " ind2=" ">
    <subfield code="c">XA-DE</subfield>
  </datafield>
  <datafield tag="082" ind1="0" ind2="4">
    <subfield code="a">720.5</subfield>
    <subfield code="q">DE-101</subfield>
    <subfield code="2">22/ger</subfield>
  </datafield>
  <datafield tag="084" ind1=" " ind2=" ">
    <subfield code="a">9,10</subfield>
    <subfield code="2">ssgn</subfield>
  </datafield>
  <datafield tag="084" ind1=" " ind2=" ">
    <subfield code="a">510</subfield>
    <subfield code="2">rpb</subfield>
  </datafield>
  <datafield tag="084" ind1=" " ind2=" ">
    <subfield code="a">012000*zs</subfield>
    <subfield code="2">sbb</subfield>
  </datafield>
  <datafield tag="084" ind1=" " ind2=" ">
    <subfield code="a">ZH 0001</subfield>
    <subfield code="2">rvk</subfield>
  </datafield>
  <datafield tag="084" ind1=" " ind2=" ">
    <subfield code="a">NA 1000</subfield>
    <subfield code="2">rvk</subfield>
  </datafield>
  <datafield tag="084" ind1=" " ind2=" ">
    <subfield code="a">720</subfield>
    <subfield code="q">DE-101</subfield>
    <subfield code="2">sdnb</subfield>
  </datafield>
  <datafield tag="084" ind1=" " ind2=" ">
    <subfield code="a">700</subfield>
    <subfield code="a">690</subfield>
    <subfield code="q">DE-600</subfield>
    <subfield code="2">sdnb</subfield>
  </datafield>
  <datafield tag="222" ind1=" " ind2="0">
    <subfield code="a">In situ</subfield>
    <subfield code="b">Worms</subfield>
  </datafield>
  <datafield tag="245" ind1="0" ind2="0">
    <subfield code="a">In situ</subfield>
    <subfield code="b">Zeitschrift für Architekturgeschichte</subfield>
  </datafield>
  <datafield tag="246" ind1="3" ind2=" ">
    <subfield code="a">Insitu</subfield>
  </datafield>
  <datafield tag="264" ind1="3" ind2="1">
    <subfield code="a">Worms</subfield>
    <subfield code="b">Werner</subfield>
    <subfield code="c">2009-</subfield>
  </datafield>
  <datafield tag="300" ind1=" " ind2=" ">
    <subfield code="c">30 cm</subfield>
  </datafield>
  <datafield tag="336" ind1=" " ind2=" ">
    <subfield code="b">txt</subfield>
  </datafield>
  <datafield tag="337" ind1=" " ind2=" ">
    <subfield code="b">n</subfield>
  </datafield>
  <datafield tag="338" ind1=" " ind2=" ">
    <subfield code="b">nc</subfield>
  </datafield>
  <datafield tag="362" ind1="0" ind2=" ">
    <subfield code="a">1.2009 -</subfield>
  </datafield>
  <datafield tag="363" ind1="0" ind2="1">
    <subfield code="8">1.1\x</subfield>
    <subfield code="a">1</subfield>
    <subfield code="i">2009</subfield>
  </datafield>
  <datafield tag="689" ind1="0" ind2="0">
    <subfield code="a">Architektur</subfield>
    <subfield code="D">s</subfield>
    <subfield code="0">(DE-588)4002851-3</subfield>
    <subfield code="B">GND-040028518</subfield>
  </datafield>
  <datafield tag="689" ind1="0" ind2="1">
    <subfield code="a">Geschichte</subfield>
    <subfield code="A">z</subfield>
  </datafield>
  <datafield tag="689" ind1="0" ind2="2">
    <subfield code="a">Zeitschrift</subfield>
    <subfield code="A">f</subfield>
  </datafield>
  <datafield tag="689" ind1="0" ind2=" ">
    <subfield code="5">DE-473</subfield>
    <subfield code="5">DE-604</subfield>
  </datafield>
  <datafield tag="648" ind1=" " ind2="7">
    <subfield code="a">Geschichte</subfield>
    <subfield code="9">rswk-swf</subfield>
    <subfield code="2">gnd</subfield>
  </datafield>
  <datafield tag="655" ind1=" " ind2="7">
    <subfield code="a">Zeitschrift</subfield>
    <subfield code="0">(DE-588)4067488-5</subfield>
    <subfield code="2">gnd-content</subfield>
  </datafield>
  <datafield tag="515" ind1=" " ind2=" ">
    <subfield code="a">2x jährl.</subfield>
  </datafield>
  <datafield tag="MBD" ind1=" " ind2=" ">
    <subfield code="M">49HBZ_NETWORK</subfield>
    <subfield code="i">990170546170206441</subfield>
    <subfield code="n">HBZ Network</subfield>
  </datafield>
  <datafield tag="MBD" ind1=" " ind2=" ">
    <subfield code="M">49HBZ_FHA</subfield>
    <subfield code="i">991000011289706444</subfield>
    <subfield code="n">Hochschulbibliothek der FH Aachen</subfield>
  </datafield>
  <datafield tag="MBD" ind1=" " ind2=" ">
    <subfield code="M">49HBZ_UBA</subfield>
    <subfield code="i">991012620449706448</subfield>
    <subfield code="n">RWTH Aachen</subfield>
  </datafield>
  <datafield tag="MBD" ind1=" " ind2=" ">
    <subfield code="M">49HBZ_BRIDGE_LBZ</subfield>
    <subfield code="i">99158790807506</subfield>
    <subfield code="n">Rheinische Landesbibliothek Koblenz</subfield>
  </datafield>
  <datafield tag="MBD" ind1=" " ind2=" ">
    <subfield code="M">49HBZ_THK</subfield>
    <subfield code="i">991007012989706477</subfield>
    <subfield code="n">Technische Hochschule Köln (TH Köln)</subfield>
  </datafield>
  <datafield tag="MBD" ind1=" " ind2=" ">
    <subfield code="M">49HBZ_UBD</subfield>
    <subfield code="i">991003490629706445</subfield>
    <subfield code="n">Technische Universität Dortmund</subfield>
  </datafield>
  <datafield tag="MBD" ind1=" " ind2=" ">
    <subfield code="M">49HBZ_UBT</subfield>
    <subfield code="i">9927981187506470</subfield>
    <subfield code="n">UB Trier</subfield>
  </datafield>
  <datafield tag="MBD" ind1=" " ind2=" ">
    <subfield code="M">49HBZ_ULB</subfield>
    <subfield code="i">991011593839706467</subfield>
    <subfield code="n">Universitaet Bonn</subfield>
  </datafield>
  <datafield tag="MBD" ind1=" " ind2=" ">
    <subfield code="M">49HBZ_UBO</subfield>
    <subfield code="i">991016641219706471</subfield>
    <subfield code="n">Universität Bochum</subfield>
  </datafield>
  <datafield tag="MBD" ind1=" " ind2=" ">
    <subfield code="M">49HBZ_DUE</subfield>
    <subfield code="i">990032570710206443</subfield>
    <subfield code="n">Universität Düsseldorf</subfield>
  </datafield>
  <datafield tag="MBD" ind1=" " ind2=" ">
    <subfield code="M">49HBZ_UBK</subfield>
    <subfield code="i">991035453949706476</subfield>
    <subfield code="n">Universität Köln</subfield>
  </datafield>
  <datafield tag="MBD" ind1=" " ind2=" ">
    <subfield code="M">49HBZ_ULM</subfield>
    <subfield code="i">991002856749706449</subfield>
    <subfield code="n">Universität Münster</subfield>
  </datafield>
  <datafield tag="MBD" ind1=" " ind2=" ">
    <subfield code="M">49HBZ_PAD</subfield>
    <subfield code="i">990015492830106463</subfield>
    <subfield code="n">Universitätsbibliothek Paderborn</subfield>
  </datafield>
  <datafield tag="MNG" ind1=" " ind2=" ">
    <subfield code="c">System</subfield>
    <subfield code="f">ZDB</subfield>
    <subfield code="i">marc21</subfield>
    <subfield code="h">20200826094757.0</subfield>
    <subfield code="k">01</subfield>
    <subfield code="e">false</subfield>
    <subfield code="d">2023-04-23 13:05:24 Europe/Berlin</subfield>
    <subfield code="g">017054617-HBZ01</subfield>
    <subfield code="j">90</subfield>
    <subfield code="a">import</subfield>
    <subfield code="b">2021-04-06 00:45:52 Europe/Berlin</subfield>
  </datafield>
  <datafield tag="H16" ind1="7" ind2=" ">
    <subfield code="a">2438569-4</subfield>
    <subfield code="2">DE-600</subfield>
    <subfield code="8">2281617140006444</subfield>
  </datafield>
  <datafield tag="H35" ind1=" " ind2=" ">
    <subfield code="a">(DE-600)214129683</subfield>
    <subfield code="8">2281617140006444</subfield>
  </datafield>
  <datafield tag="H35" ind1=" " ind2=" ">
    <subfield code="a">(DE-A96)214129683-49hbz_fha</subfield>
    <subfield code="8">2281617140006444</subfield>
  </datafield>
  <datafield tag="H92" ind1=" " ind2=" ">
    <subfield code="a">512000-7</subfield>
    <subfield code="d">A 96</subfield>
    <subfield code="k">NRW</subfield>
    <subfield code="l">a</subfield>
    <subfield code="o">c</subfield>
    <subfield code="8">2281617140006444</subfield>
  </datafield>
  <datafield tag="H52" ind1="8" ind2=" ">
    <subfield code="b">BAY</subfield>
    <subfield code="c">BAY_ZSFrei</subfield>
    <subfield code="8">1</subfield>
    <subfield code="h">13 Z 959</subfield>
    <subfield code="9">00</subfield>
    <subfield code="9">09</subfield>
    <subfield code="8">2281617140006444</subfield>
  </datafield>
  <datafield tag="H59" ind1="0" ind2="1">
    <subfield code="8">1.1\x</subfield>
    <subfield code="a">3</subfield>
    <subfield code="i">2011</subfield>
    <subfield code="8">2281617140006444</subfield>
  </datafield>
  <datafield tag="H66" ind1="3" ind2="0">
    <subfield code="a">3.2011-</subfield>
    <subfield code="8">2281617140006444</subfield>
  </datafield>
  <datafield tag="H66" ind1=" " ind2="0">
    <subfield code="z">Hefte des laufenden Jahres in der Zeitschriftenauslage, die letzten 15 Jahrgänge in der Zeitschriftenfreihand</subfield>
    <subfield code="8">2281617140006444</subfield>
  </datafield>
  <datafield tag="HOL" ind1=" " ind2=" ">
    <subfield code="d">2023-11-02 09:51:06</subfield>
    <subfield code="8">2281617140006444</subfield>
    <subfield code="b">2021-04-20 15:41:13</subfield>
    <subfield code="M">49HBZ_FHA</subfield>
    <subfield code="g">false</subfield>
    <subfield code="a">import</subfield>
    <subfield code="c">kurth</subfield>
  </datafield>
  <datafield tag="ITM" ind1=" " ind2=" ">
    <subfield code="H">2281617140006444</subfield>
    <subfield code="x">BAY_ZSFrei</subfield>
    <subfield code="f">ISSUE</subfield>
    <subfield code="v">BAY_ZSFrei</subfield>
    <subfield code="X">kurth</subfield>
    <subfield code="U">2023-03-28 11:29:41 Europe/Berlin</subfield>
    <subfield code="Y">2023-11-02 10:50:52 Europe/Berlin</subfield>
    <subfield code="j">1</subfield>
    <subfield code="i">15</subfield>
    <subfield code="k">2023</subfield>
    <subfield code="M">49HBZ_FHA</subfield>
    <subfield code="s">1</subfield>
    <subfield code="d">8</subfield>
    <subfield code="V">kurth</subfield>
    <subfield code="b">13 Z 959-Heft2023,1</subfield>
    <subfield code="a">23109405120006444</subfield>
    <subfield code="c">13 Z 959</subfield>
    <subfield code="q">15.2023,1</subfield>
    <subfield code="W">2022-11-14 14:45:57 Europe/Berlin</subfield>
    <subfield code="u">BAY</subfield>
    <subfield code="w">BAY</subfield>
  </datafield>
  <datafield tag="ITM" ind1=" " ind2=" ">
    <subfield code="H">2281617140006444</subfield>
    <subfield code="x">BAY_ZSFrei</subfield>
    <subfield code="f">ISSUE</subfield>
    <subfield code="v">BAY_ZSFrei</subfield>
    <subfield code="X">System</subfield>
    <subfield code="Y">2023-11-02 11:06:43 Europe/Berlin</subfield>
    <subfield code="j">2</subfield>
    <subfield code="i">16</subfield>
    <subfield code="k">2024</subfield>
    <subfield code="M">49HBZ_FHA</subfield>
    <subfield code="s">0</subfield>
    <subfield code="d">8</subfield>
    <subfield code="V">kurth</subfield>
    <subfield code="a">23118534530006444</subfield>
    <subfield code="c">13 Z 959</subfield>
    <subfield code="r">ACQ</subfield>
    <subfield code="q">16.2024,2</subfield>
    <subfield code="W">2023-11-02 10:51:05 Europe/Berlin</subfield>
    <subfield code="u">BAY</subfield>
    <subfield code="w">BAY</subfield>
  </datafield>
  <datafield tag="ITM" ind1=" " ind2=" ">
    <subfield code="H">2281617140006444</subfield>
    <subfield code="x">BAY_ZSFrei</subfield>
    <subfield code="f">ISSUE</subfield>
    <subfield code="v">BAY_ZSFrei</subfield>
    <subfield code="X">kurth</subfield>
    <subfield code="U">2023-11-21 12:07:18 Europe/Berlin</subfield>
    <subfield code="Y">2023-11-21 12:08:34 Europe/Berlin</subfield>
    <subfield code="j">2</subfield>
    <subfield code="i">15</subfield>
    <subfield code="k">2023</subfield>
    <subfield code="M">49HBZ_FHA</subfield>
    <subfield code="s">1</subfield>
    <subfield code="d">8</subfield>
    <subfield code="V">kurth</subfield>
    <subfield code="b">13 Z 959-Heft2023,2</subfield>
    <subfield code="a">23109405110006444</subfield>
    <subfield code="c">13 Z 959</subfield>
    <subfield code="q">15.2023,2</subfield>
    <subfield code="W">2022-11-14 14:45:57 Europe/Berlin</subfield>
    <subfield code="u">BAY</subfield>
    <subfield code="w">BAY</subfield>
  </datafield>
  <datafield tag="ITM" ind1=" " ind2=" ">
    <subfield code="H">2281617140006444</subfield>
    <subfield code="x">BAY_ZSFrei</subfield>
    <subfield code="f">ISSUE</subfield>
    <subfield code="v">BAY_ZSFrei</subfield>
    <subfield code="X">System</subfield>
    <subfield code="Y">2023-11-02 11:06:44 Europe/Berlin</subfield>
    <subfield code="j">1</subfield>
    <subfield code="i">16</subfield>
    <subfield code="k">2024</subfield>
    <subfield code="M">49HBZ_FHA</subfield>
    <subfield code="s">0</subfield>
    <subfield code="d">8</subfield>
    <subfield code="V">kurth</subfield>
    <subfield code="a">23118534540006444</subfield>
    <subfield code="c">13 Z 959</subfield>
    <subfield code="r">ACQ</subfield>
    <subfield code="q">16.2024,1</subfield>
    <subfield code="W">2023-11-02 10:51:04 Europe/Berlin</subfield>
    <subfield code="u">BAY</subfield>
    <subfield code="w">BAY</subfield>
  </datafield>
  <datafield tag="ITM" ind1=" " ind2=" ">
    <subfield code="H">2281617140006444</subfield>
    <subfield code="x">BAY_ZSFrei</subfield>
    <subfield code="f">ISSBD</subfield>
    <subfield code="v">BAY_ZSFrei</subfield>
    <subfield code="X">kurth</subfield>
    <subfield code="U">2021-04-20 12:59:00 Europe/Berlin</subfield>
    <subfield code="Y">2023-11-02 10:50:52 Europe/Berlin</subfield>
    <subfield code="h">false</subfield>
    <subfield code="P">ClassificationNo: 5000</subfield>
    <subfield code="G">1</subfield>
    <subfield code="Q">Fernleihkonditionen: 2</subfield>
    <subfield code="M">49HBZ_FHA</subfield>
    <subfield code="s">1</subfield>
    <subfield code="d">8</subfield>
    <subfield code="V">import</subfield>
    <subfield code="b">13 Z 959-2015</subfield>
    <subfield code="O">SISIS-Ausleihzähler Migrationsjahr: 0 | SISIS-Ausleihzähler Vor-Migrationsjahr: 0 | SISIS-Ausleihzähler vorletztes Migrationsjahr: 0 | SISIS-Vormerkzähler Migrationsjahr: 0</subfield>
    <subfield code="N">SISIS-Buchdaten-Aufnahmedatum: 2016-03-21 | Altersbegrenzung: 0</subfield>
    <subfield code="a">2381617050006444</subfield>
    <subfield code="c">13 Z 959</subfield>
    <subfield code="W">2021-04-20 17:41:13 Europe/Berlin</subfield>
    <subfield code="u">BAY</subfield>
    <subfield code="w">BAY</subfield>
  </datafield>
  <datafield tag="ITM" ind1=" " ind2=" ">
    <subfield code="H">2281617140006444</subfield>
    <subfield code="x">BAY_ZSFrei</subfield>
    <subfield code="f">ISSBD</subfield>
    <subfield code="v">BAY_ZSFrei</subfield>
    <subfield code="X">kurth</subfield>
    <subfield code="U">2021-04-20 12:59:00 Europe/Berlin</subfield>
    <subfield code="Y">2023-11-02 10:50:52 Europe/Berlin</subfield>
    <subfield code="h">false</subfield>
    <subfield code="P">ClassificationNo: 5000</subfield>
    <subfield code="G">1</subfield>
    <subfield code="Q">Fernleihkonditionen: 2</subfield>
    <subfield code="M">49HBZ_FHA</subfield>
    <subfield code="s">1</subfield>
    <subfield code="d">8</subfield>
    <subfield code="V">import</subfield>
    <subfield code="b">13 Z 959-2014</subfield>
    <subfield code="O">SISIS-Ausleihzähler Migrationsjahr: 0 | SISIS-Ausleihzähler Vor-Migrationsjahr: 0 | SISIS-Ausleihzähler vorletztes Migrationsjahr: 0 | SISIS-Vormerkzähler Migrationsjahr: 0 | SISIS-vorletztes Rückgabedatum: 2015-03-03</subfield>
    <subfield code="N">SISIS-Buchdaten-Aufnahmedatum: 2015-03-02 | Altersbegrenzung: 0</subfield>
    <subfield code="a">2381617060006444</subfield>
    <subfield code="c">13 Z 959</subfield>
    <subfield code="W">2021-04-20 17:41:13 Europe/Berlin</subfield>
    <subfield code="u">BAY</subfield>
    <subfield code="w">BAY</subfield>
  </datafield>
  <datafield tag="ITM" ind1=" " ind2=" ">
    <subfield code="H">2281617140006444</subfield>
    <subfield code="x">BAY_ZSFrei</subfield>
    <subfield code="f">ISSBD</subfield>
    <subfield code="v">BAY_ZSFrei</subfield>
    <subfield code="X">kurth</subfield>
    <subfield code="U">2023-01-31 13:00:00 Europe/Berlin</subfield>
    <subfield code="Y">2023-11-02 10:50:52 Europe/Berlin</subfield>
    <subfield code="i">14</subfield>
    <subfield code="k">2022</subfield>
    <subfield code="M">49HBZ_FHA</subfield>
    <subfield code="s">1</subfield>
    <subfield code="d">8</subfield>
    <subfield code="V">sh1434e</subfield>
    <subfield code="b">13 Z 959-2022</subfield>
    <subfield code="O">LabelPrinted: 01.02.2023 - 16:04 Uhr</subfield>
    <subfield code="a">23110845230006444</subfield>
    <subfield code="c">13 Z 959</subfield>
    <subfield code="q">H. 1-2</subfield>
    <subfield code="W">2021-12-09 01:00:00 Europe/Berlin</subfield>
    <subfield code="u">BAY</subfield>
    <subfield code="w">BAY</subfield>
  </datafield>
  <datafield tag="ITM" ind1=" " ind2=" ">
    <subfield code="H">2281617140006444</subfield>
    <subfield code="x">BAY_ZSFrei</subfield>
    <subfield code="f">ISSBD</subfield>
    <subfield code="v">BAY_ZSFrei</subfield>
    <subfield code="X">kurth</subfield>
    <subfield code="U">2021-04-20 12:59:00 Europe/Berlin</subfield>
    <subfield code="Y">2023-11-02 10:50:52 Europe/Berlin</subfield>
    <subfield code="h">false</subfield>
    <subfield code="P">ClassificationNo: 5000</subfield>
    <subfield code="G">1</subfield>
    <subfield code="Q">Fernleihkonditionen: 2</subfield>
    <subfield code="M">49HBZ_FHA</subfield>
    <subfield code="s">1</subfield>
    <subfield code="d">8</subfield>
    <subfield code="V">import</subfield>
    <subfield code="b">13 Z 959-2011</subfield>
    <subfield code="O">SISIS-Ausleihzähler Migrationsjahr: 0 | SISIS-Ausleihzähler Vor-Migrationsjahr: 0 | SISIS-Ausleihzähler vorletztes Migrationsjahr: 0 | SISIS-Vormerkzähler Migrationsjahr: 0</subfield>
    <subfield code="N">SISIS-Buchdaten-Aufnahmedatum: 2012-05-03 | Altersbegrenzung: 0</subfield>
    <subfield code="a">2381617090006444</subfield>
    <subfield code="c">13 Z 959</subfield>
    <subfield code="W">2021-04-20 17:41:13 Europe/Berlin</subfield>
    <subfield code="u">BAY</subfield>
    <subfield code="w">BAY</subfield>
  </datafield>
  <datafield tag="ITM" ind1=" " ind2=" ">
    <subfield code="H">2281617140006444</subfield>
    <subfield code="x">BAY_ZSFrei</subfield>
    <subfield code="f">ISSBD</subfield>
    <subfield code="v">BAY_ZSFrei</subfield>
    <subfield code="X">kurth</subfield>
    <subfield code="U">2021-04-20 12:59:00 Europe/Berlin</subfield>
    <subfield code="Y">2023-11-02 10:50:52 Europe/Berlin</subfield>
    <subfield code="h">false</subfield>
    <subfield code="P">ClassificationNo: 5000</subfield>
    <subfield code="G">1</subfield>
    <subfield code="Q">Fernleihkonditionen: 2</subfield>
    <subfield code="M">49HBZ_FHA</subfield>
    <subfield code="s">1</subfield>
    <subfield code="d">8</subfield>
    <subfield code="V">import</subfield>
    <subfield code="b">13 Z 959-2019</subfield>
    <subfield code="O">SISIS-Ausleihzähler Migrationsjahr: 0 | SISIS-Ausleihzähler Vor-Migrationsjahr: 1 | SISIS-Ausleihzähler vorletztes Migrationsjahr: 0 | SISIS-Vormerkzähler Migrationsjahr: 0</subfield>
    <subfield code="N">SISIS-Buchdaten-Aufnahmedatum: 2020-05-11 | Altersbegrenzung: 0</subfield>
    <subfield code="a">2381617010006444</subfield>
    <subfield code="c">13 Z 959</subfield>
    <subfield code="W">2021-04-20 17:41:13 Europe/Berlin</subfield>
    <subfield code="u">BAY</subfield>
    <subfield code="w">BAY</subfield>
  </datafield>
  <datafield tag="ITM" ind1=" " ind2=" ">
    <subfield code="H">2281617140006444</subfield>
    <subfield code="x">BAY_ZSFrei</subfield>
    <subfield code="f">ISSBD</subfield>
    <subfield code="v">BAY_ZSFrei</subfield>
    <subfield code="X">kurth</subfield>
    <subfield code="U">2021-04-20 12:59:00 Europe/Berlin</subfield>
    <subfield code="Y">2023-11-02 10:50:52 Europe/Berlin</subfield>
    <subfield code="h">false</subfield>
    <subfield code="P">ClassificationNo: 5000</subfield>
    <subfield code="G">1</subfield>
    <subfield code="Q">Fernleihkonditionen: 2</subfield>
    <subfield code="M">49HBZ_FHA</subfield>
    <subfield code="s">1</subfield>
    <subfield code="d">8</subfield>
    <subfield code="V">import</subfield>
    <subfield code="b">13 Z 959-2018</subfield>
    <subfield code="O">SISIS-Ausleihzähler Migrationsjahr: 0 | SISIS-Ausleihzähler Vor-Migrationsjahr: 0 | SISIS-Ausleihzähler vorletztes Migrationsjahr: 1 | SISIS-Vormerkzähler Migrationsjahr: 0</subfield>
    <subfield code="N">SISIS-Buchdaten-Aufnahmedatum: 2019-03-21 | Altersbegrenzung: 0</subfield>
    <subfield code="a">2381617020006444</subfield>
    <subfield code="c">13 Z 959</subfield>
    <subfield code="W">2021-04-20 17:41:13 Europe/Berlin</subfield>
    <subfield code="u">BAY</subfield>
    <subfield code="w">BAY</subfield>
  </datafield>
  <datafield tag="ITM" ind1=" " ind2=" ">
    <subfield code="H">2281617140006444</subfield>
    <subfield code="x">BAY_ZSFrei</subfield>
    <subfield code="f">ISSBD</subfield>
    <subfield code="v">BAY_ZSFrei</subfield>
    <subfield code="X">kurth</subfield>
    <subfield code="U">2021-06-15 14:00:00 Europe/Berlin</subfield>
    <subfield code="Y">2023-11-02 10:50:52 Europe/Berlin</subfield>
    <subfield code="h">false</subfield>
    <subfield code="P">ClassificationNo: 0</subfield>
    <subfield code="G">1</subfield>
    <subfield code="Q">Fernleihkonditionen: 3</subfield>
    <subfield code="i">12</subfield>
    <subfield code="k">2020</subfield>
    <subfield code="M">49HBZ_FHA</subfield>
    <subfield code="s">1</subfield>
    <subfield code="d">8</subfield>
    <subfield code="V">neidhoefer</subfield>
    <subfield code="b">13 Z 959-2020</subfield>
    <subfield code="O">LabelPrinted: 17.06.2021 - 12:04 Uhr</subfield>
    <subfield code="N">SISIS-Ausleihzähler Migrationsjahr: 0 | SISIS-Ausleihzähler Vor-Migrationsjahr: 0 | SISIS-Ausleihzähler vorletztes Migrationsjahr: 0 | SISIS-Vormerkzähler Migrationsjahr: 0</subfield>
    <subfield code="a">2390019600006444</subfield>
    <subfield code="c">13 Z 959</subfield>
    <subfield code="q">H. 1-2</subfield>
    <subfield code="W">2021-06-15 13:58:34 Europe/Berlin</subfield>
    <subfield code="u">BAY</subfield>
    <subfield code="w">BAY</subfield>
  </datafield>
  <datafield tag="ITM" ind1=" " ind2=" ">
    <subfield code="H">2281617140006444</subfield>
    <subfield code="x">BAY_ZSFrei</subfield>
    <subfield code="f">ISSBD</subfield>
    <subfield code="v">BAY_ZSFrei</subfield>
    <subfield code="X">kurth</subfield>
    <subfield code="U">2021-04-20 12:59:00 Europe/Berlin</subfield>
    <subfield code="Y">2023-11-02 10:50:52 Europe/Berlin</subfield>
    <subfield code="h">false</subfield>
    <subfield code="P">ClassificationNo: 5000</subfield>
    <subfield code="G">1</subfield>
    <subfield code="Q">Fernleihkonditionen: 2</subfield>
    <subfield code="M">49HBZ_FHA</subfield>
    <subfield code="s">1</subfield>
    <subfield code="d">8</subfield>
    <subfield code="V">import</subfield>
    <subfield code="b">13 Z 959-2013</subfield>
    <subfield code="O">SISIS-Ausleihzähler Migrationsjahr: 0 | SISIS-Ausleihzähler Vor-Migrationsjahr: 0 | SISIS-Ausleihzähler vorletztes Migrationsjahr: 0 | SISIS-Vormerkzähler Migrationsjahr: 0 | SISIS-vorletztes Rückgabedatum: 2014-03-26</subfield>
    <subfield code="N">SISIS-Buchdaten-Aufnahmedatum: 2014-03-25 | Altersbegrenzung: 0</subfield>
    <subfield code="a">2381617070006444</subfield>
    <subfield code="c">13 Z 959</subfield>
    <subfield code="W">2021-04-20 17:41:13 Europe/Berlin</subfield>
    <subfield code="u">BAY</subfield>
    <subfield code="w">BAY</subfield>
  </datafield>
  <datafield tag="ITM" ind1=" " ind2=" ">
    <subfield code="H">2281617140006444</subfield>
    <subfield code="x">BAY_ZSFrei</subfield>
    <subfield code="f">ISSBD</subfield>
    <subfield code="v">BAY_ZSFrei</subfield>
    <subfield code="X">kurth</subfield>
    <subfield code="U">2021-04-20 12:59:00 Europe/Berlin</subfield>
    <subfield code="Y">2023-11-02 10:50:52 Europe/Berlin</subfield>
    <subfield code="h">false</subfield>
    <subfield code="P">ClassificationNo: 5000</subfield>
    <subfield code="G">1</subfield>
    <subfield code="Q">Fernleihkonditionen: 2</subfield>
    <subfield code="M">49HBZ_FHA</subfield>
    <subfield code="s">1</subfield>
    <subfield code="d">8</subfield>
    <subfield code="V">import</subfield>
    <subfield code="b">13 Z 959-2017</subfield>
    <subfield code="O">SISIS-Ausleihzähler Migrationsjahr: 0 | SISIS-Ausleihzähler Vor-Migrationsjahr: 0 | SISIS-Ausleihzähler vorletztes Migrationsjahr: 0 | SISIS-Vormerkzähler Migrationsjahr: 0</subfield>
    <subfield code="N">SISIS-Buchdaten-Aufnahmedatum: 2018-03-28 | Altersbegrenzung: 0</subfield>
    <subfield code="a">2381617030006444</subfield>
    <subfield code="c">13 Z 959</subfield>
    <subfield code="W">2021-04-20 17:41:13 Europe/Berlin</subfield>
    <subfield code="u">BAY</subfield>
    <subfield code="w">BAY</subfield>
  </datafield>
  <datafield tag="ITM" ind1=" " ind2=" ">
    <subfield code="H">2281617140006444</subfield>
    <subfield code="x">BAY_ZSFrei</subfield>
    <subfield code="f">ISSBD</subfield>
    <subfield code="v">BAY_ZSFrei</subfield>
    <subfield code="X">kurth</subfield>
    <subfield code="U">2021-04-20 12:59:00 Europe/Berlin</subfield>
    <subfield code="Y">2023-11-02 10:50:52 Europe/Berlin</subfield>
    <subfield code="h">false</subfield>
    <subfield code="P">ClassificationNo: 5000</subfield>
    <subfield code="G">1</subfield>
    <subfield code="Q">Fernleihkonditionen: 2</subfield>
    <subfield code="M">49HBZ_FHA</subfield>
    <subfield code="s">1</subfield>
    <subfield code="d">8</subfield>
    <subfield code="V">import</subfield>
    <subfield code="b">13 Z 959-2016</subfield>
    <subfield code="O">SISIS-Ausleihzähler Migrationsjahr: 0 | SISIS-Ausleihzähler Vor-Migrationsjahr: 0 | SISIS-Ausleihzähler vorletztes Migrationsjahr: 0 | SISIS-Vormerkzähler Migrationsjahr: 0</subfield>
    <subfield code="N">SISIS-Buchdaten-Aufnahmedatum: 2017-03-30 | Altersbegrenzung: 0</subfield>
    <subfield code="a">2381617040006444</subfield>
    <subfield code="c">13 Z 959</subfield>
    <subfield code="W">2021-04-20 17:41:13 Europe/Berlin</subfield>
    <subfield code="u">BAY</subfield>
    <subfield code="w">BAY</subfield>
  </datafield>
  <datafield tag="ITM" ind1=" " ind2=" ">
    <subfield code="H">2281617140006444</subfield>
    <subfield code="x">BAY_ZSFrei</subfield>
    <subfield code="f">ISSBD</subfield>
    <subfield code="v">BAY_ZSFrei</subfield>
    <subfield code="X">kurth</subfield>
    <subfield code="U">2022-02-22 13:00:00 Europe/Berlin</subfield>
    <subfield code="Y">2023-11-02 10:50:52 Europe/Berlin</subfield>
    <subfield code="i">13</subfield>
    <subfield code="k">2021</subfield>
    <subfield code="M">49HBZ_FHA</subfield>
    <subfield code="s">1</subfield>
    <subfield code="d">8</subfield>
    <subfield code="V">neidhoefer</subfield>
    <subfield code="b">13 Z 959-2021</subfield>
    <subfield code="O">LabelPrinted: 23.02.2022 - 10:05 Uhr</subfield>
    <subfield code="a">23100912860006444</subfield>
    <subfield code="c">13 Z 959</subfield>
    <subfield code="q">H. 1-2</subfield>
    <subfield code="W">2022-02-22 10:18:19 Europe/Berlin</subfield>
    <subfield code="u">BAY</subfield>
    <subfield code="w">BAY</subfield>
  </datafield>
  <datafield tag="ITM" ind1=" " ind2=" ">
    <subfield code="H">2281617140006444</subfield>
    <subfield code="x">BAY_ZSFrei</subfield>
    <subfield code="f">ISSBD</subfield>
    <subfield code="v">BAY_ZSFrei</subfield>
    <subfield code="X">kurth</subfield>
    <subfield code="U">2021-04-20 12:59:00 Europe/Berlin</subfield>
    <subfield code="Y">2023-11-02 10:50:52 Europe/Berlin</subfield>
    <subfield code="h">false</subfield>
    <subfield code="P">ClassificationNo: 5000</subfield>
    <subfield code="G">1</subfield>
    <subfield code="Q">Fernleihkonditionen: 2</subfield>
    <subfield code="M">49HBZ_FHA</subfield>
    <subfield code="s">1</subfield>
    <subfield code="d">8</subfield>
    <subfield code="V">import</subfield>
    <subfield code="b">13 Z 959-2012</subfield>
    <subfield code="O">SISIS-Ausleihzähler Migrationsjahr: 0 | SISIS-Ausleihzähler Vor-Migrationsjahr: 0 | SISIS-Ausleihzähler vorletztes Migrationsjahr: 0 | SISIS-Vormerkzähler Migrationsjahr: 0</subfield>
    <subfield code="N">SISIS-Buchdaten-Aufnahmedatum: 2013-03-13 | Altersbegrenzung: 0</subfield>
    <subfield code="a">2381617080006444</subfield>
    <subfield code="c">13 Z 959</subfield>
    <subfield code="W">2021-04-20 17:41:13 Europe/Berlin</subfield>
    <subfield code="u">BAY</subfield>
    <subfield code="w">BAY</subfield>
  </datafield>
  <datafield tag="H92" ind1=" " ind2=" ">
    <subfield code="a">511000-2</subfield>
    <subfield code="8">22278725830006448</subfield>
  </datafield>
  <datafield tag="H52" ind1="8" ind2="1">
    <subfield code="a">DE-82</subfield>
    <subfield code="b">ZB</subfield>
    <subfield code="c">0</subfield>
    <subfield code="h">Zf823</subfield>
    <subfield code="8">2</subfield>
    <subfield code="8">22278725830006448</subfield>
  </datafield>
  <datafield tag="H66" ind1="3" ind2="0">
    <subfield code="a">1.2009 -</subfield>
    <subfield code="8">22278725830006448</subfield>
  </datafield>
  <datafield tag="HOL" ind1=" " ind2=" ">
    <subfield code="d">2023-04-20 06:37:59</subfield>
    <subfield code="8">22278725830006448</subfield>
    <subfield code="b">2023-04-20 06:37:59</subfield>
    <subfield code="M">49HBZ_UBA</subfield>
    <subfield code="g">false</subfield>
    <subfield code="a">UBID-7R9ZY2LL</subfield>
    <subfield code="c">UBID-7R9ZY2LL</subfield>
  </datafield>
  <datafield tag="H16" ind1="7" ind2=" ">
    <subfield code="a">2438569-4</subfield>
    <subfield code="2">DE-600</subfield>
    <subfield code="8">22228979560006448</subfield>
  </datafield>
  <datafield tag="H35" ind1=" " ind2=" ">
    <subfield code="a">(DE-600)158258517</subfield>
    <subfield code="8">22228979560006448</subfield>
  </datafield>
  <datafield tag="H35" ind1=" " ind2=" ">
    <subfield code="a">(DE-82)158258517-49hbz_uba</subfield>
    <subfield code="8">22228979560006448</subfield>
  </datafield>
  <datafield tag="H92" ind1=" " ind2=" ">
    <subfield code="a">511000-2</subfield>
    <subfield code="d">82</subfield>
    <subfield code="k">NRW</subfield>
    <subfield code="l">a</subfield>
    <subfield code="o">c</subfield>
    <subfield code="8">22228979560006448</subfield>
  </datafield>
  <datafield tag="H52" ind1="8" ind2="2">
    <subfield code="b">IZ</subfield>
    <subfield code="c">0</subfield>
    <subfield code="j">Zeitschriftenauslage: ZH</subfield>
    <subfield code="x">DE-82</subfield>
    <subfield code="8">1</subfield>
    <subfield code="8">22228979560006448</subfield>
  </datafield>
  <datafield tag="H66" ind1="3" ind2="0">
    <subfield code="a">Ungebundene Hefte</subfield>
    <subfield code="8">22228979560006448</subfield>
  </datafield>
  <datafield tag="HOL" ind1=" " ind2=" ">
    <subfield code="d">2024-01-03 12:28:55</subfield>
    <subfield code="8">22228979560006448</subfield>
    <subfield code="b">2022-07-20 21:31:36</subfield>
    <subfield code="M">49HBZ_UBA</subfield>
    <subfield code="g">false</subfield>
    <subfield code="a">import</subfield>
    <subfield code="c">UBID-EEQLFF6W</subfield>
  </datafield>
  <datafield tag="H16" ind1="7" ind2=" ">
    <subfield code="a">2438569-4</subfield>
    <subfield code="2">DE-600</subfield>
    <subfield code="8">22228979550006448</subfield>
  </datafield>
  <datafield tag="H35" ind1=" " ind2=" ">
    <subfield code="a">(DE-600)771759703</subfield>
    <subfield code="8">22228979550006448</subfield>
  </datafield>
  <datafield tag="H35" ind1=" " ind2=" ">
    <subfield code="a">(DE-82)771759703-49hbz_uba</subfield>
    <subfield code="8">22228979550006448</subfield>
  </datafield>
  <datafield tag="H92" ind1=" " ind2=" ">
    <subfield code="a">511212-6</subfield>
    <subfield code="d">82/212</subfield>
    <subfield code="k">NRW</subfield>
    <subfield code="l">b</subfield>
    <subfield code="o">d</subfield>
    <subfield code="8">22228979550006448</subfield>
  </datafield>
  <datafield tag="H52" ind1=" " ind2=" ">
    <subfield code="b">212</subfield>
    <subfield code="c">0</subfield>
    <subfield code="8">1</subfield>
    <subfield code="h">Zi 200</subfield>
    <subfield code="9">00</subfield>
    <subfield code="x">DE-82-212</subfield>
    <subfield code="8">22228979550006448</subfield>
  </datafield>
  <datafield tag="H59" ind1="0" ind2="0">
    <subfield code="8">1.1\x</subfield>
    <subfield code="a">3</subfield>
    <subfield code="i">2011</subfield>
    <subfield code="8">22228979550006448</subfield>
  </datafield>
  <datafield tag="H66" ind1="3" ind2="0">
    <subfield code="a">3.2011,2</subfield>
    <subfield code="8">22228979550006448</subfield>
  </datafield>
  <datafield tag="HOL" ind1=" " ind2=" ">
    <subfield code="b">2022-07-20 21:31:36</subfield>
    <subfield code="8">22228979550006448</subfield>
    <subfield code="M">49HBZ_UBA</subfield>
    <subfield code="g">false</subfield>
    <subfield code="a">import</subfield>
  </datafield>
  <datafield tag="ITM" ind1=" " ind2=" ">
    <subfield code="H">22228979560006448</subfield>
    <subfield code="x">0</subfield>
    <subfield code="f">ISSUE</subfield>
    <subfield code="v">0</subfield>
    <subfield code="X">UBID-EEQLFF6W</subfield>
    <subfield code="U">2023-11-23 10:59:47 Europe/Berlin</subfield>
    <subfield code="Y">2024-01-03 13:28:50 Europe/Berlin</subfield>
    <subfield code="j">2</subfield>
    <subfield code="i">15</subfield>
    <subfield code="k">2023</subfield>
    <subfield code="M">49HBZ_UBA</subfield>
    <subfield code="s">1</subfield>
    <subfield code="d">8</subfield>
    <subfield code="V">UBID-EEQLFF6W</subfield>
    <subfield code="a">23278415770006448</subfield>
    <subfield code="c">Zeitschriftenauslage: ZH</subfield>
    <subfield code="q">15:2(2023)</subfield>
    <subfield code="W">2023-04-04 11:08:21 Europe/Berlin</subfield>
    <subfield code="u">IZ</subfield>
    <subfield code="w">IZ</subfield>
  </datafield>
  <datafield tag="ITM" ind1=" " ind2=" ">
    <subfield code="H">22228979560006448</subfield>
    <subfield code="x">0</subfield>
    <subfield code="f">ISSUE</subfield>
    <subfield code="v">0</subfield>
    <subfield code="X">UBID-EEQLFF6W</subfield>
    <subfield code="U">2023-04-04 11:07:06 Europe/Berlin</subfield>
    <subfield code="Y">2024-01-03 13:28:50 Europe/Berlin</subfield>
    <subfield code="j">1</subfield>
    <subfield code="i">15</subfield>
    <subfield code="k">2023</subfield>
    <subfield code="M">49HBZ_UBA</subfield>
    <subfield code="s">1</subfield>
    <subfield code="d">8</subfield>
    <subfield code="V">UBID-EEQLFF6W</subfield>
    <subfield code="a">23278415780006448</subfield>
    <subfield code="c">Zeitschriftenauslage: ZH</subfield>
    <subfield code="q">15:1(2023)</subfield>
    <subfield code="W">2023-04-04 11:08:21 Europe/Berlin</subfield>
    <subfield code="u">IZ</subfield>
    <subfield code="w">IZ</subfield>
  </datafield>
  <datafield tag="ITM" ind1=" " ind2=" ">
    <subfield code="H">22228979560006448</subfield>
    <subfield code="x">0</subfield>
    <subfield code="f">ISSUE</subfield>
    <subfield code="v">0</subfield>
    <subfield code="X">UBID-EEQLFF6W</subfield>
    <subfield code="Y">2024-01-03 13:28:55 Europe/Berlin</subfield>
    <subfield code="j">2</subfield>
    <subfield code="i">16</subfield>
    <subfield code="k">2024</subfield>
    <subfield code="M">49HBZ_UBA</subfield>
    <subfield code="s">0</subfield>
    <subfield code="d">8</subfield>
    <subfield code="V">UBID-EEQLFF6W</subfield>
    <subfield code="a">23332158360006448</subfield>
    <subfield code="c">Zeitschriftenauslage: ZH</subfield>
    <subfield code="r">ACQ</subfield>
    <subfield code="q">16:2(2024)</subfield>
    <subfield code="W">2024-01-03 13:28:55 Europe/Berlin</subfield>
    <subfield code="u">IZ</subfield>
    <subfield code="w">IZ</subfield>
  </datafield>
  <datafield tag="ITM" ind1=" " ind2=" ">
    <subfield code="H">22228979560006448</subfield>
    <subfield code="x">0</subfield>
    <subfield code="f">ISSUE</subfield>
    <subfield code="v">0</subfield>
    <subfield code="X">UBID-EEQLFF6W</subfield>
    <subfield code="Y">2024-01-03 13:28:54 Europe/Berlin</subfield>
    <subfield code="j">1</subfield>
    <subfield code="i">16</subfield>
    <subfield code="k">2024</subfield>
    <subfield code="M">49HBZ_UBA</subfield>
    <subfield code="s">0</subfield>
    <subfield code="d">8</subfield>
    <subfield code="V">UBID-EEQLFF6W</subfield>
    <subfield code="a">23332158370006448</subfield>
    <subfield code="c">Zeitschriftenauslage: ZH</subfield>
    <subfield code="r">ACQ</subfield>
    <subfield code="q">16:1(2024)</subfield>
    <subfield code="W">2024-01-03 13:28:54 Europe/Berlin</subfield>
    <subfield code="u">IZ</subfield>
    <subfield code="w">IZ</subfield>
  </datafield>
  <datafield tag="H16" ind1="7" ind2=" ">
    <subfield code="a">2438569-4</subfield>
    <subfield code="2">DE-600</subfield>
    <subfield code="8">2284251850007506</subfield>
  </datafield>
  <datafield tag="H35" ind1=" " ind2=" ">
    <subfield code="a">(DE-600)208402160</subfield>
    <subfield code="8">2284251850007506</subfield>
  </datafield>
  <datafield tag="H92" ind1=" " ind2=" ">
    <subfield code="a">540100-8</subfield>
    <subfield code="8">2284251850007506</subfield>
  </datafield>
  <datafield tag="H52" ind1="8" ind2="1">
    <subfield code="t">1</subfield>
    <subfield code="c">kA</subfield>
    <subfield code="a">DE-929</subfield>
    <subfield code="h">ZA 6163</subfield>
    <subfield code="j">510/Z</subfield>
    <subfield code="8">1</subfield>
    <subfield code="b">R0001</subfield>
    <subfield code="8">2284251850007506</subfield>
  </datafield>
  <datafield tag="H59" ind1="1" ind2="0">
    <subfield code="8">1.2\x</subfield>
    <subfield code="8">2284251850007506</subfield>
  </datafield>
  <datafield tag="H59" ind1="0" ind2="0">
    <subfield code="8">1.1\x</subfield>
    <subfield code="8">2284251850007506</subfield>
  </datafield>
  <datafield tag="H59" ind1=" " ind2=" ">
    <subfield code="a">1</subfield>
    <subfield code="i">2009</subfield>
    <subfield code="8">2284251850007506</subfield>
  </datafield>
  <datafield tag="H66" ind1="3" ind2="0">
    <subfield code="a">1.2009 -</subfield>
    <subfield code="8">2284251850007506</subfield>
  </datafield>
  <datafield tag="HOL" ind1=" " ind2=" ">
    <subfield code="d">2023-07-16 12:02:02</subfield>
    <subfield code="8">2284251850007506</subfield>
    <subfield code="b">2023-07-16 12:02:02</subfield>
    <subfield code="M">49HBZ_BRIDGE_LBZ</subfield>
    <subfield code="g">false</subfield>
    <subfield code="a">System</subfield>
    <subfield code="c">System</subfield>
  </datafield>
  <datafield tag="H16" ind1="7" ind2=" ">
    <subfield code="a">2438569-4</subfield>
    <subfield code="2">DE-600</subfield>
    <subfield code="8">2243999990006477</subfield>
  </datafield>
  <datafield tag="H35" ind1=" " ind2=" ">
    <subfield code="a">(DE-600)495282812</subfield>
    <subfield code="8">2243999990006477</subfield>
  </datafield>
  <datafield tag="H35" ind1=" " ind2=" ">
    <subfield code="a">(DE-832)495282812-49hbz_thk</subfield>
    <subfield code="8">2243999990006477</subfield>
  </datafield>
  <datafield tag="H92" ind1=" " ind2=" ">
    <subfield code="a">503100-X</subfield>
    <subfield code="d">832</subfield>
    <subfield code="k">NRW</subfield>
    <subfield code="l">a</subfield>
    <subfield code="o">c</subfield>
    <subfield code="8">2243999990006477</subfield>
  </datafield>
  <datafield tag="H52" ind1="8" ind2="1">
    <subfield code="b">DEUTZ</subfield>
    <subfield code="c">32</subfield>
    <subfield code="8">1</subfield>
    <subfield code="h">82I26</subfield>
    <subfield code="9">00</subfield>
    <subfield code="9">09</subfield>
    <subfield code="x">DE-832</subfield>
    <subfield code="8">2243999990006477</subfield>
  </datafield>
  <datafield tag="H59" ind1="0" ind2="1">
    <subfield code="8">1.1\x</subfield>
    <subfield code="a">11</subfield>
    <subfield code="i">2019</subfield>
    <subfield code="8">2243999990006477</subfield>
  </datafield>
  <datafield tag="H66" ind1="3" ind2="0">
    <subfield code="a">11.2019 -</subfield>
    <subfield code="8">2243999990006477</subfield>
  </datafield>
  <datafield tag="HOL" ind1=" " ind2=" ">
    <subfield code="b">2023-08-17 19:46:29</subfield>
    <subfield code="8">2243999990006477</subfield>
    <subfield code="M">49HBZ_THK</subfield>
    <subfield code="g">false</subfield>
    <subfield code="a">import</subfield>
  </datafield>
  <datafield tag="ITM" ind1=" " ind2=" ">
    <subfield code="H">2243999990006477</subfield>
    <subfield code="x">32</subfield>
    <subfield code="f">ISSUE</subfield>
    <subfield code="v">32</subfield>
    <subfield code="X">AMO_CO_FIX</subfield>
    <subfield code="U">2023-08-02 12:59:00 Europe/Berlin</subfield>
    <subfield code="Y">2023-08-17 19:40:06 Europe/Berlin</subfield>
    <subfield code="h">false</subfield>
    <subfield code="n">Heftexemplar1_2220</subfield>
    <subfield code="G">1</subfield>
    <subfield code="M">49HBZ_THK</subfield>
    <subfield code="s">1</subfield>
    <subfield code="d">8</subfield>
    <subfield code="V">import</subfield>
    <subfield code="b">Heftexemplar1_2220</subfield>
    <subfield code="O">SISIS-Ausleihzähler Migrationsjahr: 0 | SISIS-Ausleihzähler Vor-Migrationsjahr: 0 | SISIS-Ausleihzähler vorletztes Migrationsjahr: 0 | SISIS-Vormerkzähler Migrationsjahr: 0</subfield>
    <subfield code="N">SISIS-Buchdaten-Aufnahmedatum: 2021-03-01</subfield>
    <subfield code="a">2343999950006477</subfield>
    <subfield code="c">82I26</subfield>
    <subfield code="q">13.2021,1</subfield>
    <subfield code="W">2023-08-17 21:46:29 Europe/Berlin</subfield>
    <subfield code="u">DEUTZ</subfield>
    <subfield code="w">DEUTZ</subfield>
  </datafield>
  <datafield tag="ITM" ind1=" " ind2=" ">
    <subfield code="H">2243999990006477</subfield>
    <subfield code="x">32</subfield>
    <subfield code="f">ISSUE</subfield>
    <subfield code="v">32</subfield>
    <subfield code="X">AMO_CO_FIX</subfield>
    <subfield code="U">2023-08-02 12:59:00 Europe/Berlin</subfield>
    <subfield code="Y">2023-08-17 19:40:06 Europe/Berlin</subfield>
    <subfield code="h">false</subfield>
    <subfield code="n">Heftexemplar1_2221</subfield>
    <subfield code="G">1</subfield>
    <subfield code="M">49HBZ_THK</subfield>
    <subfield code="s">1</subfield>
    <subfield code="d">8</subfield>
    <subfield code="V">import</subfield>
    <subfield code="b">Heftexemplar1_2221</subfield>
    <subfield code="O">SISIS-Ausleihzähler Migrationsjahr: 0 | SISIS-Ausleihzähler Vor-Migrationsjahr: 0 | SISIS-Ausleihzähler vorletztes Migrationsjahr: 0 | SISIS-Vormerkzähler Migrationsjahr: 0</subfield>
    <subfield code="N">SISIS-Buchdaten-Aufnahmedatum: 2021-11-15</subfield>
    <subfield code="a">2343999940006477</subfield>
    <subfield code="c">82I26</subfield>
    <subfield code="q">13.2021,2</subfield>
    <subfield code="W">2023-08-17 21:46:29 Europe/Berlin</subfield>
    <subfield code="u">DEUTZ</subfield>
    <subfield code="w">DEUTZ</subfield>
  </datafield>
  <datafield tag="ITM" ind1=" " ind2=" ">
    <subfield code="H">2243999990006477</subfield>
    <subfield code="x">32</subfield>
    <subfield code="f">ISSUE</subfield>
    <subfield code="v">32</subfield>
    <subfield code="X">AMO_CO_FIX</subfield>
    <subfield code="U">2023-08-16 12:59:00 Europe/Berlin</subfield>
    <subfield code="Y">2023-08-17 19:40:06 Europe/Berlin</subfield>
    <subfield code="h">false</subfield>
    <subfield code="n">32/82I26-2021</subfield>
    <subfield code="G">1</subfield>
    <subfield code="M">49HBZ_THK</subfield>
    <subfield code="s">1</subfield>
    <subfield code="d">8</subfield>
    <subfield code="V">import</subfield>
    <subfield code="L">HBZ01: HT015612055</subfield>
    <subfield code="b">32/82I26-2021</subfield>
    <subfield code="O">SISIS-Ausleihzähler Migrationsjahr: 0 | SISIS-Ausleihzähler Vor-Migrationsjahr: 0 | SISIS-Ausleihzähler vorletztes Migrationsjahr: 0 | SISIS-Vormerkzähler Migrationsjahr: 0</subfield>
    <subfield code="N">SISIS-Buchdaten-Aufnahmedatum: 2023-01-27</subfield>
    <subfield code="a">2343999960006477</subfield>
    <subfield code="c">82I26</subfield>
    <subfield code="W">2023-08-17 21:46:29 Europe/Berlin</subfield>
    <subfield code="u">DEUTZ</subfield>
    <subfield code="w">DEUTZ</subfield>
  </datafield>
  <datafield tag="ITM" ind1=" " ind2=" ">
    <subfield code="H">2243999990006477</subfield>
    <subfield code="x">32</subfield>
    <subfield code="f">ISSUE</subfield>
    <subfield code="v">32</subfield>
    <subfield code="X">AMO_CO_FIX</subfield>
    <subfield code="U">2023-08-16 12:59:00 Europe/Berlin</subfield>
    <subfield code="Y">2023-08-17 19:40:06 Europe/Berlin</subfield>
    <subfield code="h">false</subfield>
    <subfield code="n">32/82I26-2019</subfield>
    <subfield code="G">1</subfield>
    <subfield code="M">49HBZ_THK</subfield>
    <subfield code="s">1</subfield>
    <subfield code="d">8</subfield>
    <subfield code="V">import</subfield>
    <subfield code="L">HBZ01: HT015612055</subfield>
    <subfield code="b">32/82I26-2019</subfield>
    <subfield code="O">SISIS-Ausleihzähler Migrationsjahr: 0 | SISIS-Ausleihzähler Vor-Migrationsjahr: 0 | SISIS-Ausleihzähler vorletztes Migrationsjahr: 0 | SISIS-Vormerkzähler Migrationsjahr: 0</subfield>
    <subfield code="N">SISIS-Buchdaten-Aufnahmedatum: 2021-10-29</subfield>
    <subfield code="a">2343999980006477</subfield>
    <subfield code="c">82I26</subfield>
    <subfield code="W">2023-08-17 21:46:29 Europe/Berlin</subfield>
    <subfield code="u">DEUTZ</subfield>
    <subfield code="w">DEUTZ</subfield>
  </datafield>
  <datafield tag="ITM" ind1=" " ind2=" ">
    <subfield code="H">2243999990006477</subfield>
    <subfield code="x">32</subfield>
    <subfield code="f">ISSUE</subfield>
    <subfield code="v">32</subfield>
    <subfield code="X">AMO_CO_FIX</subfield>
    <subfield code="U">2023-08-16 12:59:00 Europe/Berlin</subfield>
    <subfield code="Y">2023-08-17 19:40:06 Europe/Berlin</subfield>
    <subfield code="h">false</subfield>
    <subfield code="n">32/82I26-2020</subfield>
    <subfield code="G">1</subfield>
    <subfield code="M">49HBZ_THK</subfield>
    <subfield code="s">1</subfield>
    <subfield code="d">8</subfield>
    <subfield code="V">import</subfield>
    <subfield code="L">HBZ01: HT015612055</subfield>
    <subfield code="b">32/82I26-2020</subfield>
    <subfield code="O">SISIS-Ausleihzähler Migrationsjahr: 0 | SISIS-Ausleihzähler Vor-Migrationsjahr: 0 | SISIS-Ausleihzähler vorletztes Migrationsjahr: 0 | SISIS-Vormerkzähler Migrationsjahr: 0</subfield>
    <subfield code="N">SISIS-Buchdaten-Aufnahmedatum: 2021-10-29</subfield>
    <subfield code="a">2343999970006477</subfield>
    <subfield code="c">82I26</subfield>
    <subfield code="W">2023-08-17 21:46:29 Europe/Berlin</subfield>
    <subfield code="u">DEUTZ</subfield>
    <subfield code="w">DEUTZ</subfield>
  </datafield>
  <datafield tag="ITM" ind1=" " ind2=" ">
    <subfield code="H">2243999990006477</subfield>
    <subfield code="x">32</subfield>
    <subfield code="f">ISSUE</subfield>
    <subfield code="v">32</subfield>
    <subfield code="X">LIB0026710</subfield>
    <subfield code="U">2023-11-17 12:35:10 Europe/Berlin</subfield>
    <subfield code="Y">2023-11-17 12:35:10 Europe/Berlin</subfield>
    <subfield code="h">false</subfield>
    <subfield code="n">32/82I26</subfield>
    <subfield code="G">1</subfield>
    <subfield code="j">2</subfield>
    <subfield code="i">15</subfield>
    <subfield code="k">2023</subfield>
    <subfield code="M">49HBZ_THK</subfield>
    <subfield code="s">1</subfield>
    <subfield code="d">8</subfield>
    <subfield code="V">import</subfield>
    <subfield code="b">32/82I26-Heft2023,3</subfield>
    <subfield code="O">SISIS-Ausleihzähler Migrationsjahr: 0 | SISIS-Ausleihzähler Vor-Migrationsjahr: 0 | SISIS-Ausleihzähler vorletztes Migrationsjahr: 0 | SISIS-Vormerkzähler Migrationsjahr: 0</subfield>
    <subfield code="N">SISIS-Buchdaten-Aufnahmedatum: 2023-11-01</subfield>
    <subfield code="a">2343999900006477</subfield>
    <subfield code="c">82I26</subfield>
    <subfield code="q">15.2023,2</subfield>
    <subfield code="W">2023-08-17 21:46:29 Europe/Berlin</subfield>
    <subfield code="u">DEUTZ</subfield>
    <subfield code="w">DEUTZ</subfield>
  </datafield>
  <datafield tag="ITM" ind1=" " ind2=" ">
    <subfield code="H">2243999990006477</subfield>
    <subfield code="x">32</subfield>
    <subfield code="f">ISSUE</subfield>
    <subfield code="v">32</subfield>
    <subfield code="X">AMO_CO_FIX</subfield>
    <subfield code="U">2023-08-02 12:59:00 Europe/Berlin</subfield>
    <subfield code="Y">2023-08-17 19:40:06 Europe/Berlin</subfield>
    <subfield code="h">false</subfield>
    <subfield code="n">Heftexemplar1_2224</subfield>
    <subfield code="G">1</subfield>
    <subfield code="M">49HBZ_THK</subfield>
    <subfield code="s">1</subfield>
    <subfield code="d">8</subfield>
    <subfield code="V">import</subfield>
    <subfield code="b">Heftexemplar1_2224</subfield>
    <subfield code="O">SISIS-Ausleihzähler Migrationsjahr: 0 | SISIS-Ausleihzähler Vor-Migrationsjahr: 0 | SISIS-Ausleihzähler vorletztes Migrationsjahr: 0 | SISIS-Vormerkzähler Migrationsjahr: 0</subfield>
    <subfield code="N">SISIS-Buchdaten-Aufnahmedatum: 2023-03-29</subfield>
    <subfield code="a">2343999910006477</subfield>
    <subfield code="c">82I26</subfield>
    <subfield code="q">15.2023,1</subfield>
    <subfield code="W">2023-08-17 21:46:29 Europe/Berlin</subfield>
    <subfield code="u">DEUTZ</subfield>
    <subfield code="w">DEUTZ</subfield>
  </datafield>
  <datafield tag="ITM" ind1=" " ind2=" ">
    <subfield code="H">2243999990006477</subfield>
    <subfield code="x">32</subfield>
    <subfield code="f">ISSBD</subfield>
    <subfield code="v">32</subfield>
    <subfield code="X">LIB0025181</subfield>
    <subfield code="U">2023-11-02 14:13:12 Europe/Berlin</subfield>
    <subfield code="Y">2023-12-01 10:39:43 Europe/Berlin</subfield>
    <subfield code="n">32/82I26-2022</subfield>
    <subfield code="G">1</subfield>
    <subfield code="i">14</subfield>
    <subfield code="k">2022</subfield>
    <subfield code="M">49HBZ_THK</subfield>
    <subfield code="s">1</subfield>
    <subfield code="d">8</subfield>
    <subfield code="V">LIB0026710</subfield>
    <subfield code="b">32/82I26-2022</subfield>
    <subfield code="a">2353838860006477</subfield>
    <subfield code="c">82I26</subfield>
    <subfield code="q">14.2022</subfield>
    <subfield code="W">2023-11-02 11:15:47 Europe/Berlin</subfield>
    <subfield code="u">DEUTZ</subfield>
    <subfield code="w">DEUTZ</subfield>
  </datafield>
  <datafield tag="H16" ind1="7" ind2=" ">
    <subfield code="a">2438569-4</subfield>
    <subfield code="2">DE-600</subfield>
    <subfield code="8">22180850660006445</subfield>
  </datafield>
  <datafield tag="H35" ind1=" " ind2=" ">
    <subfield code="a">(DE-600)266744494</subfield>
    <subfield code="8">22180850660006445</subfield>
  </datafield>
  <datafield tag="H35" ind1=" " ind2=" ">
    <subfield code="a">(DE-290)266744494-49hbz_ubd</subfield>
    <subfield code="8">22180850660006445</subfield>
  </datafield>
  <datafield tag="H92" ind1=" " ind2=" ">
    <subfield code="a">463000-2</subfield>
    <subfield code="d">290</subfield>
    <subfield code="k">NRW</subfield>
    <subfield code="l">a</subfield>
    <subfield code="o">c</subfield>
    <subfield code="8">22180850660006445</subfield>
  </datafield>
  <datafield tag="H52" ind1="8" ind2=" ">
    <subfield code="b">BR</subfield>
    <subfield code="c">ZS</subfield>
    <subfield code="j">ZY 371</subfield>
    <subfield code="8">1</subfield>
    <subfield code="x">DE-290</subfield>
    <subfield code="9">00</subfield>
    <subfield code="8">22180850660006445</subfield>
  </datafield>
  <datafield tag="H59" ind1="0" ind2="1">
    <subfield code="8">1.1\x</subfield>
    <subfield code="a">1</subfield>
    <subfield code="i">2009</subfield>
    <subfield code="8">22180850660006445</subfield>
  </datafield>
  <datafield tag="H66" ind1="3" ind2="0">
    <subfield code="a">1.2009 -</subfield>
    <subfield code="8">22180850660006445</subfield>
  </datafield>
  <datafield tag="H66" ind1=" " ind2="0">
    <subfield code="z">Neuester ungebundener Bestand in BAB Zeitschriftenauslage</subfield>
    <subfield code="8">22180850660006445</subfield>
  </datafield>
  <datafield tag="HOL" ind1=" " ind2=" ">
    <subfield code="d">2023-02-08 10:04:54</subfield>
    <subfield code="8">22180850660006445</subfield>
    <subfield code="b">2021-04-19 14:53:28</subfield>
    <subfield code="M">49HBZ_UBD</subfield>
    <subfield code="g">false</subfield>
    <subfield code="a">import</subfield>
    <subfield code="c">DE1130000025617</subfield>
  </datafield>
  <datafield tag="H92" ind1=" " ind2=" ">
    <subfield code="a">463000-2</subfield>
    <subfield code="8">22213556960006445</subfield>
  </datafield>
  <datafield tag="H52" ind1="8" ind2="1">
    <subfield code="b">BAB</subfield>
    <subfield code="c">ZS-Hefte</subfield>
    <subfield code="j">ZY 371</subfield>
    <subfield code="8">22213556960006445</subfield>
  </datafield>
  <datafield tag="HOL" ind1=" " ind2=" ">
    <subfield code="d">2023-01-04 08:04:49</subfield>
    <subfield code="8">22213556960006445</subfield>
    <subfield code="b">2021-09-10 06:34:32</subfield>
    <subfield code="M">49HBZ_UBD</subfield>
    <subfield code="g">false</subfield>
    <subfield code="a">DE1130000025617</subfield>
    <subfield code="c">DE1130000031763</subfield>
  </datafield>
  <datafield tag="ITM" ind1=" " ind2=" ">
    <subfield code="H">22180850660006445</subfield>
    <subfield code="x">ZS</subfield>
    <subfield code="f">ISSBD</subfield>
    <subfield code="v">ZS</subfield>
    <subfield code="X">DE1130000166347</subfield>
    <subfield code="U">2023-03-30 09:09:17 Europe/Berlin</subfield>
    <subfield code="Y">2023-06-01 12:21:17 Europe/Berlin</subfield>
    <subfield code="i">13/14</subfield>
    <subfield code="k">2021/2022</subfield>
    <subfield code="M">49HBZ_UBD</subfield>
    <subfield code="s">1</subfield>
    <subfield code="d">8</subfield>
    <subfield code="V">DE1130000031763</subfield>
    <subfield code="b">60129553421</subfield>
    <subfield code="a">23223003550006445</subfield>
    <subfield code="c">ZY 371</subfield>
    <subfield code="q">13.2021 - 14.2022</subfield>
    <subfield code="W">2023-03-30 09:08:13 Europe/Berlin</subfield>
    <subfield code="u">BR</subfield>
    <subfield code="w">BR</subfield>
  </datafield>
  <datafield tag="ITM" ind1=" " ind2=" ">
    <subfield code="H">22213556960006445</subfield>
    <subfield code="x">ZS-Hefte</subfield>
    <subfield code="f">ISSUE</subfield>
    <subfield code="v">ZS-Hefte</subfield>
    <subfield code="X">DE1130000031763</subfield>
    <subfield code="U">2023-03-27 11:59:06 Europe/Berlin</subfield>
    <subfield code="Y">2023-03-27 11:59:27 Europe/Berlin</subfield>
    <subfield code="j">3</subfield>
    <subfield code="m">05</subfield>
    <subfield code="i">15</subfield>
    <subfield code="k">2023</subfield>
    <subfield code="M">49HBZ_UBD</subfield>
    <subfield code="s">1</subfield>
    <subfield code="d">8</subfield>
    <subfield code="V">DE1130000031763</subfield>
    <subfield code="b">60129547392</subfield>
    <subfield code="a">23219544970006445</subfield>
    <subfield code="c">ZY 371</subfield>
    <subfield code="q">15.2023,1</subfield>
    <subfield code="W">2022-10-24 10:13:03 Europe/Berlin</subfield>
    <subfield code="u">BAB</subfield>
    <subfield code="w">BAB</subfield>
  </datafield>
  <datafield tag="ITM" ind1=" " ind2=" ">
    <subfield code="H">22213556960006445</subfield>
    <subfield code="x">ZS-Hefte</subfield>
    <subfield code="f">ISSUE</subfield>
    <subfield code="v">ZS-Hefte</subfield>
    <subfield code="X">DE1130000031763</subfield>
    <subfield code="U">2023-11-20 11:10:34 Europe/Berlin</subfield>
    <subfield code="Y">2023-11-20 11:10:45 Europe/Berlin</subfield>
    <subfield code="j">4</subfield>
    <subfield code="m">11</subfield>
    <subfield code="i">15</subfield>
    <subfield code="k">2023</subfield>
    <subfield code="M">49HBZ_UBD</subfield>
    <subfield code="s">1</subfield>
    <subfield code="d">8</subfield>
    <subfield code="V">DE1130000031763</subfield>
    <subfield code="b">60129547393</subfield>
    <subfield code="a">23219544960006445</subfield>
    <subfield code="c">ZY 371</subfield>
    <subfield code="q">15.2023,2</subfield>
    <subfield code="W">2022-10-24 10:13:04 Europe/Berlin</subfield>
    <subfield code="u">BAB</subfield>
    <subfield code="w">BAB</subfield>
  </datafield>
  <datafield tag="ITM" ind1=" " ind2=" ">
    <subfield code="H">22213556960006445</subfield>
    <subfield code="x">ZS-Hefte</subfield>
    <subfield code="f">ISSUE</subfield>
    <subfield code="v">ZS-Hefte</subfield>
    <subfield code="X">DE1130000031763</subfield>
    <subfield code="Y">2023-01-04 09:06:24 Europe/Berlin</subfield>
    <subfield code="e">0</subfield>
    <subfield code="j">6</subfield>
    <subfield code="m">11</subfield>
    <subfield code="i">16</subfield>
    <subfield code="k">2024</subfield>
    <subfield code="M">49HBZ_UBD</subfield>
    <subfield code="s">0</subfield>
    <subfield code="d">8</subfield>
    <subfield code="V">DE1130000031763</subfield>
    <subfield code="b">60129549746</subfield>
    <subfield code="a">23220652960006445</subfield>
    <subfield code="c">ZY 371</subfield>
    <subfield code="r">ACQ</subfield>
    <subfield code="q">16.2024,2</subfield>
    <subfield code="W">2023-01-04 09:04:49 Europe/Berlin</subfield>
    <subfield code="u">BAB</subfield>
    <subfield code="w">BAB</subfield>
  </datafield>
  <datafield tag="ITM" ind1=" " ind2=" ">
    <subfield code="H">22213556960006445</subfield>
    <subfield code="x">ZS-Hefte</subfield>
    <subfield code="f">ISSUE</subfield>
    <subfield code="v">ZS-Hefte</subfield>
    <subfield code="X">DE1130000031763</subfield>
    <subfield code="Y">2023-01-04 09:06:13 Europe/Berlin</subfield>
    <subfield code="e">0</subfield>
    <subfield code="j">5</subfield>
    <subfield code="m">05</subfield>
    <subfield code="i">16</subfield>
    <subfield code="k">2024</subfield>
    <subfield code="M">49HBZ_UBD</subfield>
    <subfield code="s">0</subfield>
    <subfield code="d">8</subfield>
    <subfield code="V">DE1130000031763</subfield>
    <subfield code="b">60129549745</subfield>
    <subfield code="a">23220652970006445</subfield>
    <subfield code="c">ZY 371</subfield>
    <subfield code="r">ACQ</subfield>
    <subfield code="q">16.2024,1</subfield>
    <subfield code="W">2023-01-04 09:04:49 Europe/Berlin</subfield>
    <subfield code="u">BAB</subfield>
    <subfield code="w">BAB</subfield>
  </datafield>
  <datafield tag="H52" ind1="8" ind2="1">
    <subfield code="b">T0011</subfield>
    <subfield code="b">T0011</subfield>
    <subfield code="c">33</subfield>
    <subfield code="h">z14167</subfield>
    <subfield code="t">1</subfield>
    <subfield code="8">22373467610006470</subfield>
  </datafield>
  <datafield tag="H59" ind1="0" ind2="1">
    <subfield code="8">1.2\x</subfield>
    <subfield code="a">16</subfield>
    <subfield code="i">2024</subfield>
    <subfield code="8">22373467610006470</subfield>
  </datafield>
  <datafield tag="H66" ind1="3" ind2="0">
    <subfield code="a">16.2024 -</subfield>
    <subfield code="8">22373467610006470</subfield>
  </datafield>
  <datafield tag="HOL" ind1=" " ind2=" ">
    <subfield code="d">2023-12-08 08:29:58</subfield>
    <subfield code="8">22373467610006470</subfield>
    <subfield code="b">2023-11-20 11:59:34</subfield>
    <subfield code="M">49HBZ_UBT</subfield>
    <subfield code="g">false</subfield>
    <subfield code="a">ubt_koltes</subfield>
    <subfield code="c">ubt_koltes</subfield>
  </datafield>
  <datafield tag="H16" ind1="7" ind2=" ">
    <subfield code="a">2438569-4</subfield>
    <subfield code="2">DE-600</subfield>
    <subfield code="8">22311689670006467</subfield>
  </datafield>
  <datafield tag="H35" ind1=" " ind2=" ">
    <subfield code="a">(DE-600)248394886</subfield>
    <subfield code="8">22311689670006467</subfield>
  </datafield>
  <datafield tag="H35" ind1=" " ind2=" ">
    <subfield code="a">(DE-5)248394886-49hbz_ulb</subfield>
    <subfield code="8">22311689670006467</subfield>
  </datafield>
  <datafield tag="H92" ind1=" " ind2=" ">
    <subfield code="a">532007-0</subfield>
    <subfield code="d">5/7</subfield>
    <subfield code="k">NRW</subfield>
    <subfield code="l">b</subfield>
    <subfield code="o">d</subfield>
    <subfield code="y">ff7</subfield>
    <subfield code="8">22311689670006467</subfield>
  </datafield>
  <datafield tag="H52" ind1="8" ind2="1">
    <subfield code="b">KU</subfield>
    <subfield code="c">KU-MagA</subfield>
    <subfield code="8">1</subfield>
    <subfield code="h">W 3</subfield>
    <subfield code="9">00</subfield>
    <subfield code="x">DE-5-7</subfield>
    <subfield code="8">22311689670006467</subfield>
  </datafield>
  <datafield tag="H59" ind1="0" ind2="1">
    <subfield code="8">1.1\x</subfield>
    <subfield code="a">1</subfield>
    <subfield code="i">2009</subfield>
    <subfield code="8">22311689670006467</subfield>
  </datafield>
  <datafield tag="H66" ind1="3" ind2="0">
    <subfield code="a">1.2009 -</subfield>
    <subfield code="8">22311689670006467</subfield>
  </datafield>
  <datafield tag="HOL" ind1=" " ind2=" ">
    <subfield code="b">2023-07-24 11:53:26</subfield>
    <subfield code="8">22311689670006467</subfield>
    <subfield code="M">49HBZ_ULB</subfield>
    <subfield code="g">false</subfield>
    <subfield code="a">import</subfield>
  </datafield>
  <datafield tag="H16" ind1="7" ind2=" ">
    <subfield code="a">2438569-4</subfield>
    <subfield code="2">DE-600</subfield>
    <subfield code="8">22173541550006471</subfield>
  </datafield>
  <datafield tag="H35" ind1=" " ind2=" ">
    <subfield code="a">(DE-600)496512870</subfield>
    <subfield code="8">22173541550006471</subfield>
  </datafield>
  <datafield tag="H35" ind1=" " ind2=" ">
    <subfield code="a">(DE-294)496512870-49hbz_ubo</subfield>
    <subfield code="8">22173541550006471</subfield>
  </datafield>
  <datafield tag="H92" ind1=" " ind2=" ">
    <subfield code="a">461030-1</subfield>
    <subfield code="d">294/30</subfield>
    <subfield code="k">NRW</subfield>
    <subfield code="l">b</subfield>
    <subfield code="o">d</subfield>
    <subfield code="8">22173541550006471</subfield>
  </datafield>
  <datafield tag="H52" ind1="8" ind2="1">
    <subfield code="b">KUN</subfield>
    <subfield code="c">KUNST_Z</subfield>
    <subfield code="8">1</subfield>
    <subfield code="h">ZD 71</subfield>
    <subfield code="9">00</subfield>
    <subfield code="9">09</subfield>
    <subfield code="x">DE-294-30</subfield>
    <subfield code="8">22173541550006471</subfield>
  </datafield>
  <datafield tag="H59" ind1="0" ind2="0">
    <subfield code="8">1.1\x</subfield>
    <subfield code="a">1</subfield>
    <subfield code="i">2009</subfield>
    <subfield code="8">22173541550006471</subfield>
  </datafield>
  <datafield tag="H59" ind1="1" ind2="0">
    <subfield code="8">1.2\x</subfield>
    <subfield code="a">2</subfield>
    <subfield code="i">2010</subfield>
    <subfield code="8">22173541550006471</subfield>
  </datafield>
  <datafield tag="H59" ind1="0" ind2="0">
    <subfield code="8">2.1\x</subfield>
    <subfield code="a">5</subfield>
    <subfield code="i">2013</subfield>
    <subfield code="8">22173541550006471</subfield>
  </datafield>
  <datafield tag="H59" ind1="0" ind2="1">
    <subfield code="8">3.1\x</subfield>
    <subfield code="a">7</subfield>
    <subfield code="i">2015</subfield>
    <subfield code="8">22173541550006471</subfield>
  </datafield>
  <datafield tag="H66" ind1=" " ind2="0">
    <subfield code="z">Zeitschriften</subfield>
    <subfield code="8">22173541550006471</subfield>
  </datafield>
  <datafield tag="H66" ind1="3" ind2="0">
    <subfield code="a">1.2009,1 - 3.2011,2; 4.2012,2; 5.2013,1 - 6.2014,1; 7.2015-</subfield>
    <subfield code="8">22173541550006471</subfield>
  </datafield>
  <datafield tag="HOL" ind1=" " ind2=" ">
    <subfield code="b">2023-07-30 18:55:21</subfield>
    <subfield code="8">22173541550006471</subfield>
    <subfield code="M">49HBZ_UBO</subfield>
    <subfield code="g">false</subfield>
    <subfield code="a">import</subfield>
  </datafield>
  <datafield tag="H16" ind1="7" ind2=" ">
    <subfield code="a">2438569-4</subfield>
    <subfield code="2">DE-600</subfield>
    <subfield code="8">22273958030006443</subfield>
  </datafield>
  <datafield tag="H35" ind1=" " ind2=" ">
    <subfield code="a">(DE-600)288824059</subfield>
    <subfield code="8">22273958030006443</subfield>
  </datafield>
  <datafield tag="H92" ind1=" " ind2=" ">
    <subfield code="a">401000-0</subfield>
    <subfield code="k">NRW</subfield>
    <subfield code="l">a</subfield>
    <subfield code="o">b</subfield>
    <subfield code="p">x</subfield>
    <subfield code="8">22273958030006443</subfield>
  </datafield>
  <datafield tag="H52" ind1="8" ind2="1">
    <subfield code="a">DE-61</subfield>
    <subfield code="b">X0001</subfield>
    <subfield code="c">03P</subfield>
    <subfield code="h">kun z i 500</subfield>
    <subfield code="8">1</subfield>
    <subfield code="8">22273958030006443</subfield>
  </datafield>
  <datafield tag="H59" ind1="0" ind2="0">
    <subfield code="8">1.1\x</subfield>
    <subfield code="a">1</subfield>
    <subfield code="i">2009</subfield>
    <subfield code="8">22273958030006443</subfield>
  </datafield>
  <datafield tag="H59" ind1="1" ind2="0">
    <subfield code="8">1.2\x</subfield>
    <subfield code="a">3</subfield>
    <subfield code="i">2011</subfield>
    <subfield code="8">22273958030006443</subfield>
  </datafield>
  <datafield tag="H59" ind1="0" ind2="0">
    <subfield code="8">2.1\x</subfield>
    <subfield code="a">4</subfield>
    <subfield code="i">2012</subfield>
    <subfield code="8">22273958030006443</subfield>
  </datafield>
  <datafield tag="H59" ind1="0" ind2="1">
    <subfield code="8">3.1\x</subfield>
    <subfield code="a">5</subfield>
    <subfield code="i">2013</subfield>
    <subfield code="8">22273958030006443</subfield>
  </datafield>
  <datafield tag="H66" ind1="3" ind2="0">
    <subfield code="a">1.2009 - 3.2011; 4.2012,2; 5.2013 -</subfield>
    <subfield code="8">22273958030006443</subfield>
  </datafield>
  <datafield tag="HOL" ind1=" " ind2=" ">
    <subfield code="d">2023-11-20 13:03:44</subfield>
    <subfield code="8">22273958030006443</subfield>
    <subfield code="b">2021-04-01 10:50:41</subfield>
    <subfield code="M">49HBZ_DUE</subfield>
    <subfield code="g">false</subfield>
    <subfield code="a">import</subfield>
    <subfield code="c">PESTOTS</subfield>
  </datafield>
  <datafield tag="ITM" ind1=" " ind2=" ">
    <subfield code="H">22273958030006443</subfield>
    <subfield code="x">03P</subfield>
    <subfield code="f">ISSBD</subfield>
    <subfield code="v">03P</subfield>
    <subfield code="p">32</subfield>
    <subfield code="X">PESTOTS</subfield>
    <subfield code="U">2014-04-24 12:59:00 Europe/Berlin</subfield>
    <subfield code="Y">2023-11-20 14:03:37 Europe/Berlin</subfield>
    <subfield code="h">false</subfield>
    <subfield code="e">00001</subfield>
    <subfield code="n">kunz.i500</subfield>
    <subfield code="P">17/d/n/1</subfield>
    <subfield code="j">2</subfield>
    <subfield code="i">2</subfield>
    <subfield code="k">2010</subfield>
    <subfield code="M">49HBZ_DUE</subfield>
    <subfield code="s">1</subfield>
    <subfield code="d">8</subfield>
    <subfield code="V">import</subfield>
    <subfield code="a">23273957990006443</subfield>
    <subfield code="t">8</subfield>
    <subfield code="c">kun z i 500</subfield>
    <subfield code="D">20140424</subfield>
    <subfield code="q">2.2010, Nr.2</subfield>
    <subfield code="W">2014-04-24 02:00:00 Europe/Berlin</subfield>
    <subfield code="u">X0001</subfield>
    <subfield code="w">X0001</subfield>
  </datafield>
  <datafield tag="ITM" ind1=" " ind2=" ">
    <subfield code="H">22273958030006443</subfield>
    <subfield code="x">03P</subfield>
    <subfield code="f">ISSUE</subfield>
    <subfield code="v">03P</subfield>
    <subfield code="p">32</subfield>
    <subfield code="X">PESTOTS</subfield>
    <subfield code="Y">2023-11-20 14:04:42 Europe/Berlin</subfield>
    <subfield code="h">false</subfield>
    <subfield code="n">kunz.i500</subfield>
    <subfield code="j">1</subfield>
    <subfield code="i">16</subfield>
    <subfield code="k">2024</subfield>
    <subfield code="M">49HBZ_DUE</subfield>
    <subfield code="s">0</subfield>
    <subfield code="d">8</subfield>
    <subfield code="V">PESTOTS</subfield>
    <subfield code="a">23380881200006443</subfield>
    <subfield code="c">kun z i 500</subfield>
    <subfield code="r">ACQ</subfield>
    <subfield code="q">16.2024, No.1</subfield>
    <subfield code="W">2023-11-20 14:03:44 Europe/Berlin</subfield>
    <subfield code="u">X0001</subfield>
    <subfield code="w">X0001</subfield>
  </datafield>
  <datafield tag="ITM" ind1=" " ind2=" ">
    <subfield code="H">22273958030006443</subfield>
    <subfield code="x">03P</subfield>
    <subfield code="f">ISSBD</subfield>
    <subfield code="v">03P</subfield>
    <subfield code="p">32</subfield>
    <subfield code="X">PESTOTS</subfield>
    <subfield code="U">2014-04-24 12:59:00 Europe/Berlin</subfield>
    <subfield code="Y">2023-11-20 14:03:37 Europe/Berlin</subfield>
    <subfield code="h">false</subfield>
    <subfield code="e">00001</subfield>
    <subfield code="n">kunz.i500</subfield>
    <subfield code="P">17/d/n/1</subfield>
    <subfield code="j">1</subfield>
    <subfield code="i">5</subfield>
    <subfield code="k">2013</subfield>
    <subfield code="M">49HBZ_DUE</subfield>
    <subfield code="s">1</subfield>
    <subfield code="d">8</subfield>
    <subfield code="V">import</subfield>
    <subfield code="a">23273957890006443</subfield>
    <subfield code="t">8</subfield>
    <subfield code="c">kun z i 500</subfield>
    <subfield code="D">20140424</subfield>
    <subfield code="q">5.2013, Nr.1</subfield>
    <subfield code="W">2014-04-24 02:00:00 Europe/Berlin</subfield>
    <subfield code="u">X0001</subfield>
    <subfield code="w">X0001</subfield>
  </datafield>
  <datafield tag="ITM" ind1=" " ind2=" ">
    <subfield code="H">22273958030006443</subfield>
    <subfield code="x">03P</subfield>
    <subfield code="f">ISSBD</subfield>
    <subfield code="v">03P</subfield>
    <subfield code="p">32</subfield>
    <subfield code="X">PESTOTS</subfield>
    <subfield code="U">2014-04-24 12:59:00 Europe/Berlin</subfield>
    <subfield code="Y">2023-11-20 14:03:37 Europe/Berlin</subfield>
    <subfield code="h">false</subfield>
    <subfield code="e">00001</subfield>
    <subfield code="n">kunz.i500</subfield>
    <subfield code="P">17/d/n/1</subfield>
    <subfield code="j">1</subfield>
    <subfield code="i">1</subfield>
    <subfield code="k">2009</subfield>
    <subfield code="M">49HBZ_DUE</subfield>
    <subfield code="s">1</subfield>
    <subfield code="d">8</subfield>
    <subfield code="V">import</subfield>
    <subfield code="L">neu an Safran</subfield>
    <subfield code="a">23273958020006443</subfield>
    <subfield code="t">8</subfield>
    <subfield code="c">kun z i 500</subfield>
    <subfield code="D">20140424</subfield>
    <subfield code="q">1.2009, Nr.1</subfield>
    <subfield code="W">2014-04-10 02:00:00 Europe/Berlin</subfield>
    <subfield code="u">X0001</subfield>
    <subfield code="w">X0001</subfield>
  </datafield>
  <datafield tag="ITM" ind1=" " ind2=" ">
    <subfield code="H">22273958030006443</subfield>
    <subfield code="x">03P</subfield>
    <subfield code="f">ISSBD</subfield>
    <subfield code="v">03P</subfield>
    <subfield code="p">32</subfield>
    <subfield code="X">PESTOTS</subfield>
    <subfield code="U">2014-04-24 12:59:00 Europe/Berlin</subfield>
    <subfield code="Y">2023-11-20 14:03:37 Europe/Berlin</subfield>
    <subfield code="h">false</subfield>
    <subfield code="e">00001</subfield>
    <subfield code="n">kunz.i500</subfield>
    <subfield code="P">17/d/n/1</subfield>
    <subfield code="j">2</subfield>
    <subfield code="i">5</subfield>
    <subfield code="k">2013</subfield>
    <subfield code="M">49HBZ_DUE</subfield>
    <subfield code="s">1</subfield>
    <subfield code="d">8</subfield>
    <subfield code="V">import</subfield>
    <subfield code="a">23273957880006443</subfield>
    <subfield code="t">8</subfield>
    <subfield code="c">kun z i 500</subfield>
    <subfield code="D">20140424</subfield>
    <subfield code="q">5.2013, Nr.2</subfield>
    <subfield code="W">2014-04-24 02:00:00 Europe/Berlin</subfield>
    <subfield code="u">X0001</subfield>
    <subfield code="w">X0001</subfield>
  </datafield>
  <datafield tag="ITM" ind1=" " ind2=" ">
    <subfield code="H">22273958030006443</subfield>
    <subfield code="x">03P</subfield>
    <subfield code="f">ISSBD</subfield>
    <subfield code="v">03P</subfield>
    <subfield code="p">32</subfield>
    <subfield code="X">PESTOTS</subfield>
    <subfield code="U">2014-04-24 12:59:00 Europe/Berlin</subfield>
    <subfield code="Y">2023-11-20 14:03:37 Europe/Berlin</subfield>
    <subfield code="h">false</subfield>
    <subfield code="e">00001</subfield>
    <subfield code="n">kunz.i500</subfield>
    <subfield code="P">17/d/n/1</subfield>
    <subfield code="j">1</subfield>
    <subfield code="i">2</subfield>
    <subfield code="k">2010</subfield>
    <subfield code="M">49HBZ_DUE</subfield>
    <subfield code="s">1</subfield>
    <subfield code="d">8</subfield>
    <subfield code="V">import</subfield>
    <subfield code="a">23273958000006443</subfield>
    <subfield code="t">8</subfield>
    <subfield code="c">kun z i 500</subfield>
    <subfield code="D">20140424</subfield>
    <subfield code="q">2.2010, Nr.1</subfield>
    <subfield code="W">2014-04-24 02:00:00 Europe/Berlin</subfield>
    <subfield code="u">X0001</subfield>
    <subfield code="w">X0001</subfield>
  </datafield>
  <datafield tag="ITM" ind1=" " ind2=" ">
    <subfield code="H">22273958030006443</subfield>
    <subfield code="x">03P</subfield>
    <subfield code="f">ISSBD</subfield>
    <subfield code="v">03P</subfield>
    <subfield code="p">32</subfield>
    <subfield code="X">PESTOTS</subfield>
    <subfield code="U">2014-04-24 12:59:00 Europe/Berlin</subfield>
    <subfield code="Y">2023-11-20 14:03:37 Europe/Berlin</subfield>
    <subfield code="h">false</subfield>
    <subfield code="e">00001</subfield>
    <subfield code="n">kunz.i500</subfield>
    <subfield code="P">17/d/n/1</subfield>
    <subfield code="j">2</subfield>
    <subfield code="i">1</subfield>
    <subfield code="k">2009</subfield>
    <subfield code="M">49HBZ_DUE</subfield>
    <subfield code="s">1</subfield>
    <subfield code="d">8</subfield>
    <subfield code="V">import</subfield>
    <subfield code="L">neu an Saffran</subfield>
    <subfield code="a">23273958010006443</subfield>
    <subfield code="t">8</subfield>
    <subfield code="c">kun z i 500</subfield>
    <subfield code="D">20140424</subfield>
    <subfield code="q">1.2009, Nr.2</subfield>
    <subfield code="W">2014-04-10 02:00:00 Europe/Berlin</subfield>
    <subfield code="u">X0001</subfield>
    <subfield code="w">X0001</subfield>
  </datafield>
  <datafield tag="ITM" ind1=" " ind2=" ">
    <subfield code="H">22273958030006443</subfield>
    <subfield code="x">03P</subfield>
    <subfield code="f">ISSBD</subfield>
    <subfield code="v">03P</subfield>
    <subfield code="p">32</subfield>
    <subfield code="X">PESTOTS</subfield>
    <subfield code="U">2017-11-23 11:59:00 Europe/Berlin</subfield>
    <subfield code="Y">2023-11-20 14:03:37 Europe/Berlin</subfield>
    <subfield code="h">false</subfield>
    <subfield code="e">00001</subfield>
    <subfield code="n">kunz.i500</subfield>
    <subfield code="P">17/d/n/1</subfield>
    <subfield code="j">2</subfield>
    <subfield code="i">9</subfield>
    <subfield code="k">2017</subfield>
    <subfield code="M">49HBZ_DUE</subfield>
    <subfield code="s">1</subfield>
    <subfield code="d">8</subfield>
    <subfield code="V">import</subfield>
    <subfield code="L">(an Saffran)</subfield>
    <subfield code="a">23273957780006443</subfield>
    <subfield code="t">8</subfield>
    <subfield code="c">kun z i 500</subfield>
    <subfield code="D">20171123</subfield>
    <subfield code="q">9.2017, Nr.2</subfield>
    <subfield code="W">2016-11-03 01:00:00 Europe/Berlin</subfield>
    <subfield code="u">X0001</subfield>
    <subfield code="w">X0001</subfield>
  </datafield>
  <datafield tag="ITM" ind1=" " ind2=" ">
    <subfield code="H">22273958030006443</subfield>
    <subfield code="x">03P</subfield>
    <subfield code="f">ISSBD</subfield>
    <subfield code="v">03P</subfield>
    <subfield code="p">32</subfield>
    <subfield code="X">PESTOTS</subfield>
    <subfield code="U">2018-05-09 12:59:00 Europe/Berlin</subfield>
    <subfield code="Y">2023-11-20 14:03:37 Europe/Berlin</subfield>
    <subfield code="h">false</subfield>
    <subfield code="e">00001</subfield>
    <subfield code="n">kunz.i500</subfield>
    <subfield code="P">17/d/n/1</subfield>
    <subfield code="j">1</subfield>
    <subfield code="i">10</subfield>
    <subfield code="k">2018</subfield>
    <subfield code="M">49HBZ_DUE</subfield>
    <subfield code="s">1</subfield>
    <subfield code="d">8</subfield>
    <subfield code="V">import</subfield>
    <subfield code="L">(an Saffran)</subfield>
    <subfield code="a">23273957770006443</subfield>
    <subfield code="t">8</subfield>
    <subfield code="c">kun z i 500</subfield>
    <subfield code="D">20180509</subfield>
    <subfield code="q">10.2018, Nr.1</subfield>
    <subfield code="W">2017-11-23 01:00:00 Europe/Berlin</subfield>
    <subfield code="u">X0001</subfield>
    <subfield code="w">X0001</subfield>
  </datafield>
  <datafield tag="ITM" ind1=" " ind2=" ">
    <subfield code="H">22273958030006443</subfield>
    <subfield code="x">03P</subfield>
    <subfield code="f">ISSBD</subfield>
    <subfield code="v">03P</subfield>
    <subfield code="p">32</subfield>
    <subfield code="X">PESTOTS</subfield>
    <subfield code="U">2017-04-05 12:59:00 Europe/Berlin</subfield>
    <subfield code="Y">2023-11-20 14:03:37 Europe/Berlin</subfield>
    <subfield code="h">false</subfield>
    <subfield code="e">00001</subfield>
    <subfield code="n">kunz.i500</subfield>
    <subfield code="P">17/d/n/1</subfield>
    <subfield code="j">1</subfield>
    <subfield code="i">9</subfield>
    <subfield code="k">2017</subfield>
    <subfield code="M">49HBZ_DUE</subfield>
    <subfield code="s">1</subfield>
    <subfield code="d">8</subfield>
    <subfield code="V">import</subfield>
    <subfield code="L">(an Saffran)</subfield>
    <subfield code="a">23273957790006443</subfield>
    <subfield code="t">8</subfield>
    <subfield code="c">kun z i 500</subfield>
    <subfield code="D">20170405</subfield>
    <subfield code="q">9.2017, Nr.1</subfield>
    <subfield code="W">2016-11-03 01:00:00 Europe/Berlin</subfield>
    <subfield code="u">X0001</subfield>
    <subfield code="w">X0001</subfield>
  </datafield>
  <datafield tag="ITM" ind1=" " ind2=" ">
    <subfield code="H">22273958030006443</subfield>
    <subfield code="x">03P</subfield>
    <subfield code="f">ISSUE</subfield>
    <subfield code="v">03P</subfield>
    <subfield code="p">92</subfield>
    <subfield code="X">PESTOTS</subfield>
    <subfield code="U">2014-04-24 12:59:00 Europe/Berlin</subfield>
    <subfield code="Y">2023-11-20 14:03:37 Europe/Berlin</subfield>
    <subfield code="h">false</subfield>
    <subfield code="e">00001</subfield>
    <subfield code="P">17/d/n/1</subfield>
    <subfield code="j">1</subfield>
    <subfield code="i">4</subfield>
    <subfield code="k">2012</subfield>
    <subfield code="M">49HBZ_DUE</subfield>
    <subfield code="s">1</subfield>
    <subfield code="d">8</subfield>
    <subfield code="V">import</subfield>
    <subfield code="O">umgesetzt NO</subfield>
    <subfield code="a">23273957690006443</subfield>
    <subfield code="c">kun z i 500</subfield>
    <subfield code="q">4.2012, Nr.1 vergriffen</subfield>
    <subfield code="W">2014-04-24 02:00:00 Europe/Berlin</subfield>
    <subfield code="u">X0001</subfield>
    <subfield code="w">X0001</subfield>
  </datafield>
  <datafield tag="ITM" ind1=" " ind2=" ">
    <subfield code="H">22273958030006443</subfield>
    <subfield code="x">03P</subfield>
    <subfield code="f">ISSBD</subfield>
    <subfield code="v">03P</subfield>
    <subfield code="p">32</subfield>
    <subfield code="X">PESTOTS</subfield>
    <subfield code="U">2021-03-01 11:59:00 Europe/Berlin</subfield>
    <subfield code="Y">2023-11-20 14:03:37 Europe/Berlin</subfield>
    <subfield code="h">false</subfield>
    <subfield code="e">00001</subfield>
    <subfield code="n">kunz.i500</subfield>
    <subfield code="P">17/d/n/1</subfield>
    <subfield code="j">1</subfield>
    <subfield code="i">13</subfield>
    <subfield code="k">2021</subfield>
    <subfield code="M">49HBZ_DUE</subfield>
    <subfield code="s">1</subfield>
    <subfield code="d">8</subfield>
    <subfield code="V">import</subfield>
    <subfield code="L">(an Saffran)</subfield>
    <subfield code="a">23273957710006443</subfield>
    <subfield code="t">8</subfield>
    <subfield code="c">kun z i 500</subfield>
    <subfield code="D">20210301</subfield>
    <subfield code="q">13.2021, Nr.1</subfield>
    <subfield code="W">2020-10-22 02:00:00 Europe/Berlin</subfield>
    <subfield code="u">X0001</subfield>
    <subfield code="w">X0001</subfield>
  </datafield>
  <datafield tag="ITM" ind1=" " ind2=" ">
    <subfield code="H">22273958030006443</subfield>
    <subfield code="x">03P</subfield>
    <subfield code="f">ISSBD</subfield>
    <subfield code="v">03P</subfield>
    <subfield code="p">32</subfield>
    <subfield code="X">PESTOTS</subfield>
    <subfield code="U">2020-10-22 12:59:00 Europe/Berlin</subfield>
    <subfield code="Y">2023-11-20 14:03:37 Europe/Berlin</subfield>
    <subfield code="h">false</subfield>
    <subfield code="e">00001</subfield>
    <subfield code="n">kunz.i500</subfield>
    <subfield code="P">17/d/n/1</subfield>
    <subfield code="j">2</subfield>
    <subfield code="i">12</subfield>
    <subfield code="k">2020</subfield>
    <subfield code="M">49HBZ_DUE</subfield>
    <subfield code="s">1</subfield>
    <subfield code="d">8</subfield>
    <subfield code="V">import</subfield>
    <subfield code="L">(an Saffran)</subfield>
    <subfield code="a">23273957720006443</subfield>
    <subfield code="t">8</subfield>
    <subfield code="c">kun z i 500</subfield>
    <subfield code="D">20201022</subfield>
    <subfield code="q">12.2020, Nr.2</subfield>
    <subfield code="W">2019-11-14 01:00:00 Europe/Berlin</subfield>
    <subfield code="u">X0001</subfield>
    <subfield code="w">X0001</subfield>
  </datafield>
  <datafield tag="ITM" ind1=" " ind2=" ">
    <subfield code="H">22273958030006443</subfield>
    <subfield code="x">03P</subfield>
    <subfield code="f">ISSBD</subfield>
    <subfield code="v">03P</subfield>
    <subfield code="p">32</subfield>
    <subfield code="X">PESTOTS</subfield>
    <subfield code="U">2020-03-26 11:59:00 Europe/Berlin</subfield>
    <subfield code="Y">2023-11-20 14:03:37 Europe/Berlin</subfield>
    <subfield code="h">false</subfield>
    <subfield code="e">00001</subfield>
    <subfield code="n">kunz.i500</subfield>
    <subfield code="P">17/d/n/1</subfield>
    <subfield code="j">1</subfield>
    <subfield code="i">12</subfield>
    <subfield code="k">2020</subfield>
    <subfield code="M">49HBZ_DUE</subfield>
    <subfield code="s">1</subfield>
    <subfield code="d">8</subfield>
    <subfield code="V">import</subfield>
    <subfield code="L">(an Saffran)</subfield>
    <subfield code="a">23273957730006443</subfield>
    <subfield code="t">8</subfield>
    <subfield code="c">kun z i 500</subfield>
    <subfield code="D">20200326</subfield>
    <subfield code="q">12.2020, Nr.1</subfield>
    <subfield code="W">2019-11-14 01:00:00 Europe/Berlin</subfield>
    <subfield code="u">X0001</subfield>
    <subfield code="w">X0001</subfield>
  </datafield>
  <datafield tag="ITM" ind1=" " ind2=" ">
    <subfield code="H">22273958030006443</subfield>
    <subfield code="x">03P</subfield>
    <subfield code="f">ISSBD</subfield>
    <subfield code="v">03P</subfield>
    <subfield code="p">32</subfield>
    <subfield code="X">PESTOTS</subfield>
    <subfield code="U">2021-11-16 12:06:48 Europe/Berlin</subfield>
    <subfield code="Y">2023-11-20 14:03:37 Europe/Berlin</subfield>
    <subfield code="h">false</subfield>
    <subfield code="e">00001</subfield>
    <subfield code="n">kunz.i500</subfield>
    <subfield code="P">d</subfield>
    <subfield code="G">1</subfield>
    <subfield code="j">2</subfield>
    <subfield code="i">13</subfield>
    <subfield code="k">2021</subfield>
    <subfield code="M">49HBZ_DUE</subfield>
    <subfield code="s">1</subfield>
    <subfield code="d">8</subfield>
    <subfield code="V">import</subfield>
    <subfield code="a">23273957700006443</subfield>
    <subfield code="t">8</subfield>
    <subfield code="c">kun z i 500</subfield>
    <subfield code="S">ZZ14569</subfield>
    <subfield code="D">2021-11-16 11:08:47</subfield>
    <subfield code="q">13.2021, Nr.2</subfield>
    <subfield code="W">2020-10-22 02:00:00 Europe/Berlin</subfield>
    <subfield code="u">X0001</subfield>
    <subfield code="w">X0001</subfield>
  </datafield>
  <datafield tag="ITM" ind1=" " ind2=" ">
    <subfield code="H">22273958030006443</subfield>
    <subfield code="x">03P</subfield>
    <subfield code="f">ISSBD</subfield>
    <subfield code="v">03P</subfield>
    <subfield code="p">32</subfield>
    <subfield code="X">PESTOTS</subfield>
    <subfield code="U">2019-04-01 12:59:00 Europe/Berlin</subfield>
    <subfield code="Y">2023-11-20 14:03:37 Europe/Berlin</subfield>
    <subfield code="h">false</subfield>
    <subfield code="e">00001</subfield>
    <subfield code="n">kunz.i500</subfield>
    <subfield code="P">17/d/n/1</subfield>
    <subfield code="j">1</subfield>
    <subfield code="i">11</subfield>
    <subfield code="k">2019</subfield>
    <subfield code="M">49HBZ_DUE</subfield>
    <subfield code="s">1</subfield>
    <subfield code="d">8</subfield>
    <subfield code="V">import</subfield>
    <subfield code="L">(an Saffran)</subfield>
    <subfield code="a">23273957750006443</subfield>
    <subfield code="t">8</subfield>
    <subfield code="c">kun z i 500</subfield>
    <subfield code="D">20190401</subfield>
    <subfield code="q">11.2019, Nr.1</subfield>
    <subfield code="W">2018-11-12 01:00:00 Europe/Berlin</subfield>
    <subfield code="u">X0001</subfield>
    <subfield code="w">X0001</subfield>
  </datafield>
  <datafield tag="ITM" ind1=" " ind2=" ">
    <subfield code="H">22273958030006443</subfield>
    <subfield code="x">03P</subfield>
    <subfield code="f">ISSBD</subfield>
    <subfield code="v">03P</subfield>
    <subfield code="p">32</subfield>
    <subfield code="X">PESTOTS</subfield>
    <subfield code="U">2019-11-14 11:59:00 Europe/Berlin</subfield>
    <subfield code="Y">2023-11-20 14:03:37 Europe/Berlin</subfield>
    <subfield code="h">false</subfield>
    <subfield code="e">00001</subfield>
    <subfield code="n">kunz.i500</subfield>
    <subfield code="P">17/d/n/1</subfield>
    <subfield code="j">2</subfield>
    <subfield code="i">11</subfield>
    <subfield code="k">2019</subfield>
    <subfield code="M">49HBZ_DUE</subfield>
    <subfield code="s">1</subfield>
    <subfield code="d">8</subfield>
    <subfield code="V">import</subfield>
    <subfield code="L">(an Saffran)</subfield>
    <subfield code="a">23273957740006443</subfield>
    <subfield code="t">8</subfield>
    <subfield code="c">kun z i 500</subfield>
    <subfield code="D">20191114</subfield>
    <subfield code="q">11.2019, Nr.2</subfield>
    <subfield code="W">2018-11-12 01:00:00 Europe/Berlin</subfield>
    <subfield code="u">X0001</subfield>
    <subfield code="w">X0001</subfield>
  </datafield>
  <datafield tag="ITM" ind1=" " ind2=" ">
    <subfield code="H">22273958030006443</subfield>
    <subfield code="x">03P</subfield>
    <subfield code="f">ISSBD</subfield>
    <subfield code="v">03P</subfield>
    <subfield code="p">32</subfield>
    <subfield code="X">PESTOTS</subfield>
    <subfield code="U">2018-11-12 11:59:00 Europe/Berlin</subfield>
    <subfield code="Y">2023-11-20 14:03:37 Europe/Berlin</subfield>
    <subfield code="h">false</subfield>
    <subfield code="e">00001</subfield>
    <subfield code="n">kunz.i500</subfield>
    <subfield code="P">17/d/n/1</subfield>
    <subfield code="j">2</subfield>
    <subfield code="i">10</subfield>
    <subfield code="k">2018</subfield>
    <subfield code="M">49HBZ_DUE</subfield>
    <subfield code="s">1</subfield>
    <subfield code="d">8</subfield>
    <subfield code="V">import</subfield>
    <subfield code="L">(an Saffran)</subfield>
    <subfield code="a">23273957760006443</subfield>
    <subfield code="t">8</subfield>
    <subfield code="c">kun z i 500</subfield>
    <subfield code="D">20181112</subfield>
    <subfield code="q">10.2018, Nr.2</subfield>
    <subfield code="W">2017-11-23 01:00:00 Europe/Berlin</subfield>
    <subfield code="u">X0001</subfield>
    <subfield code="w">X0001</subfield>
  </datafield>
  <datafield tag="ITM" ind1=" " ind2=" ">
    <subfield code="H">22273958030006443</subfield>
    <subfield code="x">03P</subfield>
    <subfield code="f">ISSBD</subfield>
    <subfield code="v">03P</subfield>
    <subfield code="p">32</subfield>
    <subfield code="X">PESTOTS</subfield>
    <subfield code="U">2014-11-12 11:59:00 Europe/Berlin</subfield>
    <subfield code="Y">2023-11-20 14:03:37 Europe/Berlin</subfield>
    <subfield code="h">false</subfield>
    <subfield code="e">00001</subfield>
    <subfield code="n">kunz.i500</subfield>
    <subfield code="P">17/d/n/1</subfield>
    <subfield code="j">2</subfield>
    <subfield code="i">6</subfield>
    <subfield code="k">2014</subfield>
    <subfield code="M">49HBZ_DUE</subfield>
    <subfield code="s">1</subfield>
    <subfield code="d">8</subfield>
    <subfield code="V">import</subfield>
    <subfield code="L">(an Saffran)</subfield>
    <subfield code="a">23273957850006443</subfield>
    <subfield code="t">8</subfield>
    <subfield code="c">kun z i 500</subfield>
    <subfield code="D">20141112</subfield>
    <subfield code="q">6.2014, Nr.2</subfield>
    <subfield code="W">2014-04-24 02:00:00 Europe/Berlin</subfield>
    <subfield code="u">X0001</subfield>
    <subfield code="w">X0001</subfield>
  </datafield>
  <datafield tag="ITM" ind1=" " ind2=" ">
    <subfield code="H">22273958030006443</subfield>
    <subfield code="x">03P</subfield>
    <subfield code="f">ISSBD</subfield>
    <subfield code="v">03P</subfield>
    <subfield code="p">32</subfield>
    <subfield code="X">PESTOTS</subfield>
    <subfield code="U">2014-04-24 12:59:00 Europe/Berlin</subfield>
    <subfield code="Y">2023-11-20 14:03:37 Europe/Berlin</subfield>
    <subfield code="h">false</subfield>
    <subfield code="e">00001</subfield>
    <subfield code="n">kunz.i500</subfield>
    <subfield code="P">17/d/n/1</subfield>
    <subfield code="j">1</subfield>
    <subfield code="i">6</subfield>
    <subfield code="k">2014</subfield>
    <subfield code="M">49HBZ_DUE</subfield>
    <subfield code="s">1</subfield>
    <subfield code="d">8</subfield>
    <subfield code="V">import</subfield>
    <subfield code="L">(an Saffran)</subfield>
    <subfield code="a">23273957860006443</subfield>
    <subfield code="t">8</subfield>
    <subfield code="c">kun z i 500</subfield>
    <subfield code="D">20140424</subfield>
    <subfield code="q">6.2014, Nr.1</subfield>
    <subfield code="W">2014-04-24 02:00:00 Europe/Berlin</subfield>
    <subfield code="u">X0001</subfield>
    <subfield code="w">X0001</subfield>
  </datafield>
  <datafield tag="ITM" ind1=" " ind2=" ">
    <subfield code="H">22273958030006443</subfield>
    <subfield code="x">03P</subfield>
    <subfield code="f">ISSBD</subfield>
    <subfield code="v">03P</subfield>
    <subfield code="p">32</subfield>
    <subfield code="X">PESTOTS</subfield>
    <subfield code="U">2016-11-03 11:59:00 Europe/Berlin</subfield>
    <subfield code="Y">2023-11-20 14:03:37 Europe/Berlin</subfield>
    <subfield code="h">false</subfield>
    <subfield code="e">00001</subfield>
    <subfield code="n">kunz.i500</subfield>
    <subfield code="P">17/d/n/1</subfield>
    <subfield code="j">2</subfield>
    <subfield code="i">8</subfield>
    <subfield code="k">2016</subfield>
    <subfield code="M">49HBZ_DUE</subfield>
    <subfield code="s">1</subfield>
    <subfield code="d">8</subfield>
    <subfield code="V">import</subfield>
    <subfield code="L">(an Saffran)</subfield>
    <subfield code="a">23273957800006443</subfield>
    <subfield code="t">8</subfield>
    <subfield code="c">kun z i 500</subfield>
    <subfield code="D">20161103</subfield>
    <subfield code="q">8.2016, Nr.2</subfield>
    <subfield code="W">2015-11-10 01:00:00 Europe/Berlin</subfield>
    <subfield code="u">X0001</subfield>
    <subfield code="w">X0001</subfield>
  </datafield>
  <datafield tag="ITM" ind1=" " ind2=" ">
    <subfield code="H">22273958030006443</subfield>
    <subfield code="x">03P</subfield>
    <subfield code="f">ISSBD</subfield>
    <subfield code="v">03P</subfield>
    <subfield code="p">32</subfield>
    <subfield code="X">PESTOTS</subfield>
    <subfield code="U">2016-03-10 11:59:00 Europe/Berlin</subfield>
    <subfield code="Y">2023-11-20 14:03:37 Europe/Berlin</subfield>
    <subfield code="h">false</subfield>
    <subfield code="e">00001</subfield>
    <subfield code="n">kunz.i500</subfield>
    <subfield code="P">17/d/n/1</subfield>
    <subfield code="j">1</subfield>
    <subfield code="i">8</subfield>
    <subfield code="k">2016</subfield>
    <subfield code="M">49HBZ_DUE</subfield>
    <subfield code="s">1</subfield>
    <subfield code="d">8</subfield>
    <subfield code="V">import</subfield>
    <subfield code="L">(an Saffran)</subfield>
    <subfield code="a">23273957810006443</subfield>
    <subfield code="t">8</subfield>
    <subfield code="c">kun z i 500</subfield>
    <subfield code="D">20160310</subfield>
    <subfield code="q">8.2016, Nr.1</subfield>
    <subfield code="W">2015-11-10 01:00:00 Europe/Berlin</subfield>
    <subfield code="u">X0001</subfield>
    <subfield code="w">X0001</subfield>
  </datafield>
  <datafield tag="ITM" ind1=" " ind2=" ">
    <subfield code="H">22273958030006443</subfield>
    <subfield code="x">03P</subfield>
    <subfield code="f">ISSBD</subfield>
    <subfield code="v">03P</subfield>
    <subfield code="p">32</subfield>
    <subfield code="X">PESTOTS</subfield>
    <subfield code="U">2015-11-10 11:59:00 Europe/Berlin</subfield>
    <subfield code="Y">2023-11-20 14:03:37 Europe/Berlin</subfield>
    <subfield code="h">false</subfield>
    <subfield code="e">00001</subfield>
    <subfield code="n">kunz.i500</subfield>
    <subfield code="P">17/d/n/1</subfield>
    <subfield code="j">2</subfield>
    <subfield code="i">7</subfield>
    <subfield code="k">2015</subfield>
    <subfield code="M">49HBZ_DUE</subfield>
    <subfield code="s">1</subfield>
    <subfield code="d">8</subfield>
    <subfield code="V">import</subfield>
    <subfield code="L">(an Saffran)</subfield>
    <subfield code="a">23273957820006443</subfield>
    <subfield code="t">8</subfield>
    <subfield code="c">kun z i 500</subfield>
    <subfield code="D">20151110</subfield>
    <subfield code="q">7.2015, Nr.2</subfield>
    <subfield code="W">2014-11-12 01:00:00 Europe/Berlin</subfield>
    <subfield code="u">X0001</subfield>
    <subfield code="w">X0001</subfield>
  </datafield>
  <datafield tag="ITM" ind1=" " ind2=" ">
    <subfield code="H">22273958030006443</subfield>
    <subfield code="x">03P</subfield>
    <subfield code="f">ISSBD</subfield>
    <subfield code="v">03P</subfield>
    <subfield code="p">32</subfield>
    <subfield code="X">PESTOTS</subfield>
    <subfield code="U">2015-04-13 12:59:00 Europe/Berlin</subfield>
    <subfield code="Y">2023-11-20 14:03:37 Europe/Berlin</subfield>
    <subfield code="h">false</subfield>
    <subfield code="e">00001</subfield>
    <subfield code="n">kunz.i500</subfield>
    <subfield code="P">17/d/n/1</subfield>
    <subfield code="j">1</subfield>
    <subfield code="i">7</subfield>
    <subfield code="k">2015</subfield>
    <subfield code="M">49HBZ_DUE</subfield>
    <subfield code="s">1</subfield>
    <subfield code="d">8</subfield>
    <subfield code="V">import</subfield>
    <subfield code="L">(an Saffran)</subfield>
    <subfield code="a">23273957830006443</subfield>
    <subfield code="t">8</subfield>
    <subfield code="c">kun z i 500</subfield>
    <subfield code="D">20150413</subfield>
    <subfield code="q">7.2015, Nr.1</subfield>
    <subfield code="W">2014-11-12 01:00:00 Europe/Berlin</subfield>
    <subfield code="u">X0001</subfield>
    <subfield code="w">X0001</subfield>
  </datafield>
  <datafield tag="ITM" ind1=" " ind2=" ">
    <subfield code="H">22273958030006443</subfield>
    <subfield code="x">03P</subfield>
    <subfield code="f">ISSBD</subfield>
    <subfield code="v">03P</subfield>
    <subfield code="p">32</subfield>
    <subfield code="X">PESTOTS</subfield>
    <subfield code="U">2022-11-07 12:43:06 Europe/Berlin</subfield>
    <subfield code="Y">2023-11-20 14:03:37 Europe/Berlin</subfield>
    <subfield code="h">false</subfield>
    <subfield code="n">kunz.i500</subfield>
    <subfield code="G">1</subfield>
    <subfield code="j">2</subfield>
    <subfield code="i">14</subfield>
    <subfield code="k">2022</subfield>
    <subfield code="M">49HBZ_DUE</subfield>
    <subfield code="s">1</subfield>
    <subfield code="d">8</subfield>
    <subfield code="V">BENEGIAM</subfield>
    <subfield code="a">23350705570006443</subfield>
    <subfield code="t">8</subfield>
    <subfield code="c">kun z i 500</subfield>
    <subfield code="D">2022-11-07 11:43:13</subfield>
    <subfield code="q">14.2022, No.2</subfield>
    <subfield code="W">2022-03-22 12:05:44 Europe/Berlin</subfield>
    <subfield code="u">X0001</subfield>
    <subfield code="w">X0001</subfield>
  </datafield>
  <datafield tag="ITM" ind1=" " ind2=" ">
    <subfield code="H">22273958030006443</subfield>
    <subfield code="x">03P</subfield>
    <subfield code="f">ISSBD</subfield>
    <subfield code="v">03P</subfield>
    <subfield code="p">32</subfield>
    <subfield code="X">PESTOTS</subfield>
    <subfield code="U">2014-04-24 12:59:00 Europe/Berlin</subfield>
    <subfield code="Y">2023-11-20 14:03:37 Europe/Berlin</subfield>
    <subfield code="h">false</subfield>
    <subfield code="e">00001</subfield>
    <subfield code="n">kunz.i500</subfield>
    <subfield code="P">17/d/n/1</subfield>
    <subfield code="j">2</subfield>
    <subfield code="i">3</subfield>
    <subfield code="k">2011</subfield>
    <subfield code="M">49HBZ_DUE</subfield>
    <subfield code="s">1</subfield>
    <subfield code="d">8</subfield>
    <subfield code="V">import</subfield>
    <subfield code="a">23273957950006443</subfield>
    <subfield code="t">8</subfield>
    <subfield code="c">kun z i 500</subfield>
    <subfield code="D">20140424</subfield>
    <subfield code="q">3.2011, Nr.2</subfield>
    <subfield code="W">2014-04-24 02:00:00 Europe/Berlin</subfield>
    <subfield code="u">X0001</subfield>
    <subfield code="w">X0001</subfield>
  </datafield>
  <datafield tag="ITM" ind1=" " ind2=" ">
    <subfield code="H">22273958030006443</subfield>
    <subfield code="x">03P</subfield>
    <subfield code="f">ISSBD</subfield>
    <subfield code="v">03P</subfield>
    <subfield code="p">32</subfield>
    <subfield code="X">PESTOTS</subfield>
    <subfield code="U">2014-04-24 12:59:00 Europe/Berlin</subfield>
    <subfield code="Y">2023-11-20 14:03:37 Europe/Berlin</subfield>
    <subfield code="h">false</subfield>
    <subfield code="e">00001</subfield>
    <subfield code="n">kunz.i500</subfield>
    <subfield code="P">17/d/n/1</subfield>
    <subfield code="j">1</subfield>
    <subfield code="i">3</subfield>
    <subfield code="k">2011</subfield>
    <subfield code="M">49HBZ_DUE</subfield>
    <subfield code="s">1</subfield>
    <subfield code="d">8</subfield>
    <subfield code="V">import</subfield>
    <subfield code="a">23273957960006443</subfield>
    <subfield code="t">8</subfield>
    <subfield code="c">kun z i 500</subfield>
    <subfield code="D">20140424</subfield>
    <subfield code="q">3.2011, Nr.1</subfield>
    <subfield code="W">2014-04-24 02:00:00 Europe/Berlin</subfield>
    <subfield code="u">X0001</subfield>
    <subfield code="w">X0001</subfield>
  </datafield>
  <datafield tag="ITM" ind1=" " ind2=" ">
    <subfield code="H">22273958030006443</subfield>
    <subfield code="x">03P</subfield>
    <subfield code="f">ISSBD</subfield>
    <subfield code="v">03P</subfield>
    <subfield code="p">32</subfield>
    <subfield code="X">PESTOTS</subfield>
    <subfield code="U">2014-04-24 12:59:00 Europe/Berlin</subfield>
    <subfield code="Y">2023-11-20 14:03:37 Europe/Berlin</subfield>
    <subfield code="h">false</subfield>
    <subfield code="e">00001</subfield>
    <subfield code="n">kunz.i500</subfield>
    <subfield code="P">17/d/n/1</subfield>
    <subfield code="j">2</subfield>
    <subfield code="i">4</subfield>
    <subfield code="k">2012</subfield>
    <subfield code="M">49HBZ_DUE</subfield>
    <subfield code="s">1</subfield>
    <subfield code="d">8</subfield>
    <subfield code="V">import</subfield>
    <subfield code="a">23273957930006443</subfield>
    <subfield code="t">8</subfield>
    <subfield code="c">kun z i 500</subfield>
    <subfield code="D">20140424</subfield>
    <subfield code="q">4.2012, Nr.2</subfield>
    <subfield code="W">2014-04-24 02:00:00 Europe/Berlin</subfield>
    <subfield code="u">X0001</subfield>
    <subfield code="w">X0001</subfield>
  </datafield>
  <datafield tag="ITM" ind1=" " ind2=" ">
    <subfield code="H">22273958030006443</subfield>
    <subfield code="x">03P</subfield>
    <subfield code="f">ISSUE</subfield>
    <subfield code="v">03P</subfield>
    <subfield code="p">32</subfield>
    <subfield code="X">PESTOTS</subfield>
    <subfield code="U">2023-11-20 13:59:01 Europe/Berlin</subfield>
    <subfield code="Y">2023-11-20 14:03:37 Europe/Berlin</subfield>
    <subfield code="h">false</subfield>
    <subfield code="n">kunz.i500</subfield>
    <subfield code="G">1</subfield>
    <subfield code="j">2</subfield>
    <subfield code="i">15</subfield>
    <subfield code="k">2023</subfield>
    <subfield code="M">49HBZ_DUE</subfield>
    <subfield code="s">1</subfield>
    <subfield code="d">8</subfield>
    <subfield code="V">WICKENKA</subfield>
    <subfield code="a">23365781900006443</subfield>
    <subfield code="t">8</subfield>
    <subfield code="c">kun z i 500</subfield>
    <subfield code="q">15.2023, No.2</subfield>
    <subfield code="W">2022-11-07 12:43:51 Europe/Berlin</subfield>
    <subfield code="u">X0001</subfield>
    <subfield code="w">X0001</subfield>
  </datafield>
  <datafield tag="ITM" ind1=" " ind2=" ">
    <subfield code="H">22273958030006443</subfield>
    <subfield code="x">03P</subfield>
    <subfield code="f">ISSBD</subfield>
    <subfield code="v">03P</subfield>
    <subfield code="p">32</subfield>
    <subfield code="X">PESTOTS</subfield>
    <subfield code="U">2023-03-29 11:38:55 Europe/Berlin</subfield>
    <subfield code="Y">2023-11-20 14:03:37 Europe/Berlin</subfield>
    <subfield code="h">false</subfield>
    <subfield code="n">kunz.i500</subfield>
    <subfield code="G">1</subfield>
    <subfield code="j">1</subfield>
    <subfield code="i">15</subfield>
    <subfield code="k">2023</subfield>
    <subfield code="M">49HBZ_DUE</subfield>
    <subfield code="s">1</subfield>
    <subfield code="d">8</subfield>
    <subfield code="V">WICKENKA</subfield>
    <subfield code="a">23365781910006443</subfield>
    <subfield code="t">8</subfield>
    <subfield code="c">kun z i 500</subfield>
    <subfield code="D">2023-03-29 09:40:03</subfield>
    <subfield code="q">15.2023, No.1</subfield>
    <subfield code="W">2022-11-07 12:43:51 Europe/Berlin</subfield>
    <subfield code="u">X0001</subfield>
    <subfield code="w">X0001</subfield>
  </datafield>
  <datafield tag="ITM" ind1=" " ind2=" ">
    <subfield code="H">22273958030006443</subfield>
    <subfield code="x">03P</subfield>
    <subfield code="f">ISSBD</subfield>
    <subfield code="v">03P</subfield>
    <subfield code="p">32</subfield>
    <subfield code="X">PESTOTS</subfield>
    <subfield code="U">2022-04-06 10:53:49 Europe/Berlin</subfield>
    <subfield code="Y">2023-11-20 14:03:37 Europe/Berlin</subfield>
    <subfield code="h">false</subfield>
    <subfield code="n">kunz.i500</subfield>
    <subfield code="P">d</subfield>
    <subfield code="G">1</subfield>
    <subfield code="j">1</subfield>
    <subfield code="i">14</subfield>
    <subfield code="k">2022</subfield>
    <subfield code="M">49HBZ_DUE</subfield>
    <subfield code="s">1</subfield>
    <subfield code="d">8</subfield>
    <subfield code="V">BENEGIAM</subfield>
    <subfield code="a">23350705580006443</subfield>
    <subfield code="t">8</subfield>
    <subfield code="c">kun z i 500</subfield>
    <subfield code="D">2022-04-06 08:53:49</subfield>
    <subfield code="q">14.2022, No.1</subfield>
    <subfield code="W">2022-03-22 12:05:44 Europe/Berlin</subfield>
    <subfield code="u">X0001</subfield>
    <subfield code="w">X0001</subfield>
  </datafield>
  <datafield tag="ITM" ind1=" " ind2=" ">
    <subfield code="H">22273958030006443</subfield>
    <subfield code="x">03P</subfield>
    <subfield code="f">ISSUE</subfield>
    <subfield code="v">03P</subfield>
    <subfield code="p">32</subfield>
    <subfield code="X">PESTOTS</subfield>
    <subfield code="Y">2023-11-20 14:04:52 Europe/Berlin</subfield>
    <subfield code="h">false</subfield>
    <subfield code="n">kunz.i500</subfield>
    <subfield code="j">2</subfield>
    <subfield code="i">16</subfield>
    <subfield code="k">2024</subfield>
    <subfield code="M">49HBZ_DUE</subfield>
    <subfield code="s">0</subfield>
    <subfield code="d">8</subfield>
    <subfield code="V">PESTOTS</subfield>
    <subfield code="a">23380881190006443</subfield>
    <subfield code="c">kun z i 500</subfield>
    <subfield code="r">ACQ</subfield>
    <subfield code="q">16.2024, No.2</subfield>
    <subfield code="W">2023-11-20 14:03:44 Europe/Berlin</subfield>
    <subfield code="u">X0001</subfield>
    <subfield code="w">X0001</subfield>
  </datafield>
  <datafield tag="H16" ind1="7" ind2=" ">
    <subfield code="a">2438569-4</subfield>
    <subfield code="2">DE-600</subfield>
    <subfield code="8">22264510940006476</subfield>
  </datafield>
  <datafield tag="H35" ind1=" " ind2=" ">
    <subfield code="a">(DE-600)307115739</subfield>
    <subfield code="8">22264510940006476</subfield>
  </datafield>
  <datafield tag="H35" ind1=" " ind2=" ">
    <subfield code="a">(DE-38)307115739-49hbz_ubk</subfield>
    <subfield code="8">22264510940006476</subfield>
  </datafield>
  <datafield tag="H92" ind1=" " ind2=" ">
    <subfield code="a">508003-4</subfield>
    <subfield code="d">Kn 3</subfield>
    <subfield code="k">NRW</subfield>
    <subfield code="l">b</subfield>
    <subfield code="o">d</subfield>
    <subfield code="8">22264510940006476</subfield>
  </datafield>
  <datafield tag="H52" ind1="8" ind2="1">
    <subfield code="b">KN3</subfield>
    <subfield code="c">KN3-ZS</subfield>
    <subfield code="8">1</subfield>
    <subfield code="h">Zi Insitu</subfield>
    <subfield code="9">00</subfield>
    <subfield code="x">DE-Kn3</subfield>
    <subfield code="8">22264510940006476</subfield>
  </datafield>
  <datafield tag="H59" ind1="0" ind2="0">
    <subfield code="8">1.1\x</subfield>
    <subfield code="a">2</subfield>
    <subfield code="i">2010</subfield>
    <subfield code="8">22264510940006476</subfield>
  </datafield>
  <datafield tag="H59" ind1="0" ind2="0">
    <subfield code="8">2.1\x</subfield>
    <subfield code="a">3</subfield>
    <subfield code="i">2011</subfield>
    <subfield code="8">22264510940006476</subfield>
  </datafield>
  <datafield tag="H59" ind1="1" ind2="0">
    <subfield code="8">2.2\x</subfield>
    <subfield code="a">4</subfield>
    <subfield code="i">2012</subfield>
    <subfield code="8">22264510940006476</subfield>
  </datafield>
  <datafield tag="H59" ind1="0" ind2="0">
    <subfield code="8">3.1\x</subfield>
    <subfield code="a">6</subfield>
    <subfield code="i">2014</subfield>
    <subfield code="8">22264510940006476</subfield>
  </datafield>
  <datafield tag="H59" ind1="0" ind2="0">
    <subfield code="8">4.1\x</subfield>
    <subfield code="a">8</subfield>
    <subfield code="i">2016</subfield>
    <subfield code="8">22264510940006476</subfield>
  </datafield>
  <datafield tag="H66" ind1="3" ind2="0">
    <subfield code="a">2.2010,2; 3.2011 - 4.2012; 6.2014,2; 8.2016,1</subfield>
    <subfield code="8">22264510940006476</subfield>
  </datafield>
  <datafield tag="HOL" ind1=" " ind2=" ">
    <subfield code="b">2023-08-22 13:43:35</subfield>
    <subfield code="8">22264510940006476</subfield>
    <subfield code="M">49HBZ_UBK</subfield>
    <subfield code="g">false</subfield>
    <subfield code="a">import</subfield>
  </datafield>
  <datafield tag="H16" ind1="7" ind2=" ">
    <subfield code="a">2438569-4</subfield>
    <subfield code="2">DE-600</subfield>
    <subfield code="8">22264510950006476</subfield>
  </datafield>
  <datafield tag="H35" ind1=" " ind2=" ">
    <subfield code="a">(DE-600)413063402</subfield>
    <subfield code="8">22264510950006476</subfield>
  </datafield>
  <datafield tag="H35" ind1=" " ind2=" ">
    <subfield code="a">(DE-38)413063402-49hbz_ubk</subfield>
    <subfield code="8">22264510950006476</subfield>
  </datafield>
  <datafield tag="H92" ind1=" " ind2=" ">
    <subfield code="a">501445-1</subfield>
    <subfield code="d">38/445</subfield>
    <subfield code="k">NRW</subfield>
    <subfield code="l">b</subfield>
    <subfield code="o">d</subfield>
    <subfield code="8">22264510950006476</subfield>
  </datafield>
  <datafield tag="H52" ind1="8" ind2="1">
    <subfield code="b">38-445</subfield>
    <subfield code="c">38-445-ZS</subfield>
    <subfield code="8">1</subfield>
    <subfield code="h">FZ 103</subfield>
    <subfield code="9">00</subfield>
    <subfield code="x">DE-38-445</subfield>
    <subfield code="8">22264510950006476</subfield>
  </datafield>
  <datafield tag="H59" ind1="0" ind2="1">
    <subfield code="8">1.1\x</subfield>
    <subfield code="a">1</subfield>
    <subfield code="i">2009</subfield>
    <subfield code="8">22264510950006476</subfield>
  </datafield>
  <datafield tag="H66" ind1="3" ind2="0">
    <subfield code="a">1.2009 -</subfield>
    <subfield code="8">22264510950006476</subfield>
  </datafield>
  <datafield tag="HOL" ind1=" " ind2=" ">
    <subfield code="b">2023-08-22 13:43:35</subfield>
    <subfield code="8">22264510950006476</subfield>
    <subfield code="M">49HBZ_UBK</subfield>
    <subfield code="g">false</subfield>
    <subfield code="a">import</subfield>
  </datafield>
  <datafield tag="H52" ind1="8" ind2=" ">
    <subfield code="b">38-445</subfield>
    <subfield code="c">38-445-ZS</subfield>
    <subfield code="t">1</subfield>
    <subfield code="8">22356608760006476</subfield>
  </datafield>
  <datafield tag="HOL" ind1=" " ind2=" ">
    <subfield code="d">2024-01-10 11:47:46</subfield>
    <subfield code="8">22356608760006476</subfield>
    <subfield code="b">2024-01-10 11:47:46</subfield>
    <subfield code="M">49HBZ_UBK</subfield>
    <subfield code="g">false</subfield>
    <subfield code="a">38Frieman</subfield>
    <subfield code="c">38Frieman</subfield>
  </datafield>
  <datafield tag="ITM" ind1=" " ind2=" ">
    <subfield code="H">22356608760006476</subfield>
    <subfield code="x">38-445-ZS</subfield>
    <subfield code="f">ISSUE</subfield>
    <subfield code="v">38-445-ZS</subfield>
    <subfield code="X">38Frieman</subfield>
    <subfield code="Y">2024-01-10 12:48:02 Europe/Berlin</subfield>
    <subfield code="j">1</subfield>
    <subfield code="i">16</subfield>
    <subfield code="k">2024</subfield>
    <subfield code="M">49HBZ_UBK</subfield>
    <subfield code="s">0</subfield>
    <subfield code="d">8</subfield>
    <subfield code="V">38Buchholz</subfield>
    <subfield code="b">428T0000118</subfield>
    <subfield code="a">23356068910006476</subfield>
    <subfield code="r">ACQ</subfield>
    <subfield code="q">Jg.16:Heft 1(2024)</subfield>
    <subfield code="W">2023-12-19 11:01:54 Europe/Berlin</subfield>
    <subfield code="u">38-445</subfield>
    <subfield code="w">38-445</subfield>
  </datafield>
  <datafield tag="ITM" ind1=" " ind2=" ">
    <subfield code="H">22356608760006476</subfield>
    <subfield code="x">38-445-ZS</subfield>
    <subfield code="f">ISSUE</subfield>
    <subfield code="v">38-445-ZS</subfield>
    <subfield code="X">38Frieman</subfield>
    <subfield code="Y">2024-01-10 12:48:02 Europe/Berlin</subfield>
    <subfield code="j">2</subfield>
    <subfield code="i">16</subfield>
    <subfield code="k">2024</subfield>
    <subfield code="M">49HBZ_UBK</subfield>
    <subfield code="s">0</subfield>
    <subfield code="d">8</subfield>
    <subfield code="V">38Buchholz</subfield>
    <subfield code="b">428T0000119</subfield>
    <subfield code="a">23356068900006476</subfield>
    <subfield code="r">ACQ</subfield>
    <subfield code="q">Jg.16:Heft 2(2024)</subfield>
    <subfield code="W">2023-12-19 11:01:54 Europe/Berlin</subfield>
    <subfield code="u">38-445</subfield>
    <subfield code="w">38-445</subfield>
  </datafield>
  <datafield tag="H16" ind1="7" ind2=" ">
    <subfield code="a">2438569-4</subfield>
    <subfield code="2">DE-600</subfield>
    <subfield code="8">22619326120006449</subfield>
  </datafield>
  <datafield tag="H35" ind1=" " ind2=" ">
    <subfield code="a">(DE-600)783004915</subfield>
    <subfield code="8">22619326120006449</subfield>
  </datafield>
  <datafield tag="H35" ind1=" " ind2=" ">
    <subfield code="a">(DE-6)783004915-49hbz_ulm</subfield>
    <subfield code="8">22619326120006449</subfield>
  </datafield>
  <datafield tag="H92" ind1=" " ind2=" ">
    <subfield code="k">NRW</subfield>
    <subfield code="l">b</subfield>
    <subfield code="o">d</subfield>
    <subfield code="a">441015-4</subfield>
    <subfield code="8">22619326120006449</subfield>
  </datafield>
  <datafield tag="H52" ind1="8" ind2="1">
    <subfield code="b">PHIL</subfield>
    <subfield code="c">PHIL_KZS</subfield>
    <subfield code="8">1</subfield>
    <subfield code="h">Z 1500 [30.]</subfield>
    <subfield code="9">00</subfield>
    <subfield code="a">DE-6-015</subfield>
    <subfield code="8">22619326120006449</subfield>
  </datafield>
  <datafield tag="H59" ind1="0" ind2="0">
    <subfield code="8">1.1\x</subfield>
    <subfield code="a">2</subfield>
    <subfield code="i">2010</subfield>
    <subfield code="8">22619326120006449</subfield>
  </datafield>
  <datafield tag="H66" ind1="3" ind2="0">
    <subfield code="a">2.2010,1</subfield>
    <subfield code="8">22619326120006449</subfield>
  </datafield>
  <datafield tag="HOL" ind1=" " ind2=" ">
    <subfield code="d">2023-06-02 15:27:20</subfield>
    <subfield code="8">22619326120006449</subfield>
    <subfield code="b">2022-07-11 13:56:08</subfield>
    <subfield code="M">49HBZ_ULM</subfield>
    <subfield code="g">false</subfield>
    <subfield code="a">import</subfield>
    <subfield code="c">System</subfield>
  </datafield>
  <datafield tag="H16" ind1="7" ind2=" ">
    <subfield code="a">2438569-4</subfield>
    <subfield code="2">DE-600</subfield>
    <subfield code="8">22146405410006463</subfield>
  </datafield>
  <datafield tag="H35" ind1=" " ind2=" ">
    <subfield code="a">(DE-600)258104597</subfield>
    <subfield code="8">22146405410006463</subfield>
  </datafield>
  <datafield tag="H92" ind1=" " ind2=" ">
    <subfield code="a">471000-9</subfield>
    <subfield code="k">NRW</subfield>
    <subfield code="l">a</subfield>
    <subfield code="o">b</subfield>
    <subfield code="p">x</subfield>
    <subfield code="8">22146405410006463</subfield>
  </datafield>
  <datafield tag="H52" ind1="8" ind2="1">
    <subfield code="a">DE-466</subfield>
    <subfield code="b">P0001</subfield>
    <subfield code="c">50</subfield>
    <subfield code="h">82i4</subfield>
    <subfield code="8">1</subfield>
    <subfield code="8">22146405410006463</subfield>
  </datafield>
  <datafield tag="H59" ind1="0" ind2="1">
    <subfield code="8">1.1\x</subfield>
    <subfield code="a">1</subfield>
    <subfield code="i">2009</subfield>
    <subfield code="8">22146405410006463</subfield>
  </datafield>
  <datafield tag="H66" ind1="3" ind2="0">
    <subfield code="a">1.2009 -</subfield>
    <subfield code="8">22146405410006463</subfield>
  </datafield>
  <datafield tag="HOL" ind1=" " ind2=" ">
    <subfield code="d">2023-11-30 08:14:26</subfield>
    <subfield code="8">22146405410006463</subfield>
    <subfield code="b">2022-07-14 10:24:00</subfield>
    <subfield code="M">49HBZ_PAD</subfield>
    <subfield code="g">false</subfield>
    <subfield code="a">import</subfield>
    <subfield code="c">m.lange</subfield>
  </datafield>
  <datafield tag="ITM" ind1=" " ind2=" ">
    <subfield code="H">22146405410006463</subfield>
    <subfield code="x">50</subfield>
    <subfield code="f">ISSBD</subfield>
    <subfield code="v">50</subfield>
    <subfield code="p">36</subfield>
    <subfield code="X">m.lange</subfield>
    <subfield code="U">2013-10-28 11:59:00 Europe/Berlin</subfield>
    <subfield code="Y">2023-11-30 09:14:23 Europe/Berlin</subfield>
    <subfield code="h">false</subfield>
    <subfield code="e">00001</subfield>
    <subfield code="P">51///</subfield>
    <subfield code="j">2</subfield>
    <subfield code="i">5</subfield>
    <subfield code="k">2013</subfield>
    <subfield code="M">49HBZ_PAD</subfield>
    <subfield code="s">1</subfield>
    <subfield code="d">8</subfield>
    <subfield code="V">import</subfield>
    <subfield code="b">1549283-100</subfield>
    <subfield code="a">23146405390006463</subfield>
    <subfield code="c">82i4</subfield>
    <subfield code="D">20140901</subfield>
    <subfield code="q">5.2013,2</subfield>
    <subfield code="W">2013-03-21 01:00:00 Europe/Berlin</subfield>
    <subfield code="u">P0001</subfield>
    <subfield code="w">P0001</subfield>
  </datafield>
  <datafield tag="ITM" ind1=" " ind2=" ">
    <subfield code="H">22146405410006463</subfield>
    <subfield code="x">50</subfield>
    <subfield code="f">ISSBD</subfield>
    <subfield code="v">50</subfield>
    <subfield code="p">36</subfield>
    <subfield code="X">m.lange</subfield>
    <subfield code="U">2013-03-28 11:59:00 Europe/Berlin</subfield>
    <subfield code="Y">2023-11-30 09:14:23 Europe/Berlin</subfield>
    <subfield code="h">false</subfield>
    <subfield code="e">00001</subfield>
    <subfield code="P">51///</subfield>
    <subfield code="j">1</subfield>
    <subfield code="i">1</subfield>
    <subfield code="k">2009</subfield>
    <subfield code="M">49HBZ_PAD</subfield>
    <subfield code="s">1</subfield>
    <subfield code="d">8</subfield>
    <subfield code="V">import</subfield>
    <subfield code="b">1549283-110</subfield>
    <subfield code="a">23146405380006463</subfield>
    <subfield code="c">82i4</subfield>
    <subfield code="D">20130328</subfield>
    <subfield code="q">1.2009</subfield>
    <subfield code="W">2013-03-28 01:00:00 Europe/Berlin</subfield>
    <subfield code="u">P0001</subfield>
    <subfield code="w">P0001</subfield>
  </datafield>
  <datafield tag="ITM" ind1=" " ind2=" ">
    <subfield code="H">22146405410006463</subfield>
    <subfield code="x">50</subfield>
    <subfield code="f">ISSBD</subfield>
    <subfield code="v">50</subfield>
    <subfield code="p">36</subfield>
    <subfield code="X">m.lange</subfield>
    <subfield code="U">2016-10-28 12:59:00 Europe/Berlin</subfield>
    <subfield code="Y">2023-11-30 09:14:23 Europe/Berlin</subfield>
    <subfield code="h">false</subfield>
    <subfield code="e">00001</subfield>
    <subfield code="P">51///</subfield>
    <subfield code="j">2</subfield>
    <subfield code="i">8</subfield>
    <subfield code="k">2016</subfield>
    <subfield code="M">49HBZ_PAD</subfield>
    <subfield code="s">1</subfield>
    <subfield code="d">8</subfield>
    <subfield code="V">import</subfield>
    <subfield code="b">1549283-200</subfield>
    <subfield code="a">23146405290006463</subfield>
    <subfield code="c">82i4</subfield>
    <subfield code="D">20161028</subfield>
    <subfield code="q">8.2016,2</subfield>
    <subfield code="W">2015-12-01 01:00:00 Europe/Berlin</subfield>
    <subfield code="u">P0001</subfield>
    <subfield code="w">P0001</subfield>
  </datafield>
  <datafield tag="ITM" ind1=" " ind2=" ">
    <subfield code="H">22146405410006463</subfield>
    <subfield code="x">50</subfield>
    <subfield code="f">ISSBD</subfield>
    <subfield code="v">50</subfield>
    <subfield code="p">36</subfield>
    <subfield code="X">m.lange</subfield>
    <subfield code="U">2017-04-05 12:59:00 Europe/Berlin</subfield>
    <subfield code="Y">2023-11-30 09:14:23 Europe/Berlin</subfield>
    <subfield code="h">false</subfield>
    <subfield code="e">00001</subfield>
    <subfield code="P">51///</subfield>
    <subfield code="j">1</subfield>
    <subfield code="i">9</subfield>
    <subfield code="k">2017</subfield>
    <subfield code="M">49HBZ_PAD</subfield>
    <subfield code="s">1</subfield>
    <subfield code="d">8</subfield>
    <subfield code="V">import</subfield>
    <subfield code="b">1549283-210</subfield>
    <subfield code="a">23146405280006463</subfield>
    <subfield code="c">82i4</subfield>
    <subfield code="D">20170405</subfield>
    <subfield code="q">9.2017,1</subfield>
    <subfield code="W">2016-10-28 02:00:00 Europe/Berlin</subfield>
    <subfield code="u">P0001</subfield>
    <subfield code="w">P0001</subfield>
  </datafield>
  <datafield tag="ITM" ind1=" " ind2=" ">
    <subfield code="H">22146405410006463</subfield>
    <subfield code="x">50</subfield>
    <subfield code="f">ISSBD</subfield>
    <subfield code="v">50</subfield>
    <subfield code="p">36</subfield>
    <subfield code="X">m.lange</subfield>
    <subfield code="U">2017-11-22 11:59:00 Europe/Berlin</subfield>
    <subfield code="Y">2023-11-30 09:14:23 Europe/Berlin</subfield>
    <subfield code="h">false</subfield>
    <subfield code="e">00001</subfield>
    <subfield code="P">51///</subfield>
    <subfield code="j">2</subfield>
    <subfield code="i">9</subfield>
    <subfield code="k">2017</subfield>
    <subfield code="M">49HBZ_PAD</subfield>
    <subfield code="s">1</subfield>
    <subfield code="d">8</subfield>
    <subfield code="V">import</subfield>
    <subfield code="b">1549283-220</subfield>
    <subfield code="a">23146405270006463</subfield>
    <subfield code="c">82i4</subfield>
    <subfield code="D">20171122</subfield>
    <subfield code="q">9.2017,2</subfield>
    <subfield code="W">2016-10-28 02:00:00 Europe/Berlin</subfield>
    <subfield code="u">P0001</subfield>
    <subfield code="w">P0001</subfield>
  </datafield>
  <datafield tag="ITM" ind1=" " ind2=" ">
    <subfield code="H">22146405410006463</subfield>
    <subfield code="x">50</subfield>
    <subfield code="f">ISSBD</subfield>
    <subfield code="v">50</subfield>
    <subfield code="p">36</subfield>
    <subfield code="X">m.lange</subfield>
    <subfield code="U">2022-04-06 12:59:00 Europe/Berlin</subfield>
    <subfield code="Y">2023-11-30 09:14:23 Europe/Berlin</subfield>
    <subfield code="h">false</subfield>
    <subfield code="e">00001</subfield>
    <subfield code="P">51///</subfield>
    <subfield code="j">1</subfield>
    <subfield code="i">14</subfield>
    <subfield code="k">2022</subfield>
    <subfield code="M">49HBZ_PAD</subfield>
    <subfield code="s">1</subfield>
    <subfield code="d">8</subfield>
    <subfield code="V">import</subfield>
    <subfield code="b">1549283-330</subfield>
    <subfield code="a">23146405180006463</subfield>
    <subfield code="c">82i4</subfield>
    <subfield code="D">20220406</subfield>
    <subfield code="q">14.2022,1</subfield>
    <subfield code="W">2021-11-05 01:00:00 Europe/Berlin</subfield>
    <subfield code="u">P0001</subfield>
    <subfield code="w">P0001</subfield>
  </datafield>
  <datafield tag="ITM" ind1=" " ind2=" ">
    <subfield code="H">22146405410006463</subfield>
    <subfield code="x">50</subfield>
    <subfield code="f">ISSBD</subfield>
    <subfield code="v">50</subfield>
    <subfield code="p">36</subfield>
    <subfield code="X">m.lange</subfield>
    <subfield code="U">2021-11-17 11:59:00 Europe/Berlin</subfield>
    <subfield code="Y">2023-11-30 09:14:23 Europe/Berlin</subfield>
    <subfield code="h">false</subfield>
    <subfield code="e">00001</subfield>
    <subfield code="P">51///</subfield>
    <subfield code="j">2</subfield>
    <subfield code="i">13</subfield>
    <subfield code="k">2021</subfield>
    <subfield code="M">49HBZ_PAD</subfield>
    <subfield code="s">1</subfield>
    <subfield code="d">8</subfield>
    <subfield code="V">import</subfield>
    <subfield code="b">1549283-320</subfield>
    <subfield code="a">23146405190006463</subfield>
    <subfield code="c">82i4</subfield>
    <subfield code="D">20211117</subfield>
    <subfield code="q">13.2021,2</subfield>
    <subfield code="W">2020-10-22 02:00:00 Europe/Berlin</subfield>
    <subfield code="u">P0001</subfield>
    <subfield code="w">P0001</subfield>
  </datafield>
  <datafield tag="ITM" ind1=" " ind2=" ">
    <subfield code="H">22146405410006463</subfield>
    <subfield code="x">50</subfield>
    <subfield code="f">ISSBD</subfield>
    <subfield code="v">50</subfield>
    <subfield code="p">36</subfield>
    <subfield code="X">m.lange</subfield>
    <subfield code="U">2021-03-09 11:59:00 Europe/Berlin</subfield>
    <subfield code="Y">2023-11-30 09:14:23 Europe/Berlin</subfield>
    <subfield code="h">false</subfield>
    <subfield code="e">00001</subfield>
    <subfield code="P">51///</subfield>
    <subfield code="j">1</subfield>
    <subfield code="i">13</subfield>
    <subfield code="k">2021</subfield>
    <subfield code="M">49HBZ_PAD</subfield>
    <subfield code="s">1</subfield>
    <subfield code="d">8</subfield>
    <subfield code="V">import</subfield>
    <subfield code="b">1549283-310</subfield>
    <subfield code="a">23146405200006463</subfield>
    <subfield code="c">82i4</subfield>
    <subfield code="D">20210309</subfield>
    <subfield code="q">13.2021,1</subfield>
    <subfield code="W">2020-10-22 02:00:00 Europe/Berlin</subfield>
    <subfield code="u">P0001</subfield>
    <subfield code="w">P0001</subfield>
  </datafield>
  <datafield tag="ITM" ind1=" " ind2=" ">
    <subfield code="H">22146405410006463</subfield>
    <subfield code="x">50</subfield>
    <subfield code="f">ISSBD</subfield>
    <subfield code="v">50</subfield>
    <subfield code="p">36</subfield>
    <subfield code="X">m.lange</subfield>
    <subfield code="U">2022-10-28 14:47:30 Europe/Berlin</subfield>
    <subfield code="Y">2023-11-30 09:14:23 Europe/Berlin</subfield>
    <subfield code="h">false</subfield>
    <subfield code="e">00001</subfield>
    <subfield code="P">51///</subfield>
    <subfield code="j">2</subfield>
    <subfield code="i">14</subfield>
    <subfield code="k">2022</subfield>
    <subfield code="M">49HBZ_PAD</subfield>
    <subfield code="s">1</subfield>
    <subfield code="d">8</subfield>
    <subfield code="V">import</subfield>
    <subfield code="b">1549283-340</subfield>
    <subfield code="O">Process Status: EX</subfield>
    <subfield code="a">23146405170006463</subfield>
    <subfield code="c">82i4</subfield>
    <subfield code="S">Z-13-17</subfield>
    <subfield code="q">14.2022,2</subfield>
    <subfield code="W">2021-11-05 01:00:00 Europe/Berlin</subfield>
    <subfield code="u">P0001</subfield>
    <subfield code="w">P0001</subfield>
  </datafield>
  <datafield tag="ITM" ind1=" " ind2=" ">
    <subfield code="H">22146405410006463</subfield>
    <subfield code="x">50</subfield>
    <subfield code="f">ISSBD</subfield>
    <subfield code="v">50</subfield>
    <subfield code="p">36</subfield>
    <subfield code="X">m.lange</subfield>
    <subfield code="U">2013-03-28 11:59:00 Europe/Berlin</subfield>
    <subfield code="Y">2023-11-30 09:14:23 Europe/Berlin</subfield>
    <subfield code="h">false</subfield>
    <subfield code="e">00001</subfield>
    <subfield code="P">51///</subfield>
    <subfield code="j">1</subfield>
    <subfield code="i">5</subfield>
    <subfield code="k">2013</subfield>
    <subfield code="M">49HBZ_PAD</subfield>
    <subfield code="s">1</subfield>
    <subfield code="d">8</subfield>
    <subfield code="V">import</subfield>
    <subfield code="b">1549283-90</subfield>
    <subfield code="a">23146405400006463</subfield>
    <subfield code="c">82i4</subfield>
    <subfield code="D">20140901</subfield>
    <subfield code="q">5.2013,1</subfield>
    <subfield code="W">2013-03-21 01:00:00 Europe/Berlin</subfield>
    <subfield code="u">P0001</subfield>
    <subfield code="w">P0001</subfield>
  </datafield>
  <datafield tag="ITM" ind1=" " ind2=" ">
    <subfield code="H">22146405410006463</subfield>
    <subfield code="x">50</subfield>
    <subfield code="f">ISSBD</subfield>
    <subfield code="v">50</subfield>
    <subfield code="p">36</subfield>
    <subfield code="X">m.lange</subfield>
    <subfield code="U">2023-04-13 13:31:06 Europe/Berlin</subfield>
    <subfield code="Y">2023-11-30 09:14:23 Europe/Berlin</subfield>
    <subfield code="j">1</subfield>
    <subfield code="i">15</subfield>
    <subfield code="k">2023</subfield>
    <subfield code="M">49HBZ_PAD</subfield>
    <subfield code="s">1</subfield>
    <subfield code="d">8</subfield>
    <subfield code="V">mi.bührmann</subfield>
    <subfield code="b">2505082</subfield>
    <subfield code="a">23186109910006463</subfield>
    <subfield code="c">82i4</subfield>
    <subfield code="q">15.2023,1</subfield>
    <subfield code="W">2022-10-28 14:54:45 Europe/Berlin</subfield>
    <subfield code="u">P0001</subfield>
    <subfield code="w">P0001</subfield>
  </datafield>
  <datafield tag="ITM" ind1=" " ind2=" ">
    <subfield code="H">22146405410006463</subfield>
    <subfield code="x">50</subfield>
    <subfield code="f">ISSBD</subfield>
    <subfield code="v">50</subfield>
    <subfield code="p">36</subfield>
    <subfield code="X">m.lange</subfield>
    <subfield code="U">2019-11-15 11:59:00 Europe/Berlin</subfield>
    <subfield code="Y">2023-11-30 09:14:23 Europe/Berlin</subfield>
    <subfield code="h">false</subfield>
    <subfield code="e">00001</subfield>
    <subfield code="P">51///</subfield>
    <subfield code="j">2</subfield>
    <subfield code="i">11</subfield>
    <subfield code="k">2019</subfield>
    <subfield code="M">49HBZ_PAD</subfield>
    <subfield code="s">1</subfield>
    <subfield code="d">8</subfield>
    <subfield code="V">import</subfield>
    <subfield code="b">1549283-280</subfield>
    <subfield code="a">23146405230006463</subfield>
    <subfield code="c">82i4</subfield>
    <subfield code="q">11.2019,2</subfield>
    <subfield code="W">2019-11-11 01:00:00 Europe/Berlin</subfield>
    <subfield code="u">P0001</subfield>
    <subfield code="w">P0001</subfield>
  </datafield>
  <datafield tag="ITM" ind1=" " ind2=" ">
    <subfield code="H">22146405410006463</subfield>
    <subfield code="x">50</subfield>
    <subfield code="f">ISSBD</subfield>
    <subfield code="v">50</subfield>
    <subfield code="p">36</subfield>
    <subfield code="X">m.lange</subfield>
    <subfield code="U">2015-11-10 11:59:00 Europe/Berlin</subfield>
    <subfield code="Y">2023-11-30 09:14:23 Europe/Berlin</subfield>
    <subfield code="h">false</subfield>
    <subfield code="e">00001</subfield>
    <subfield code="P">51///</subfield>
    <subfield code="j">2</subfield>
    <subfield code="i">7</subfield>
    <subfield code="k">2015</subfield>
    <subfield code="M">49HBZ_PAD</subfield>
    <subfield code="s">1</subfield>
    <subfield code="d">8</subfield>
    <subfield code="V">import</subfield>
    <subfield code="b">1549283-180</subfield>
    <subfield code="a">23146405310006463</subfield>
    <subfield code="c">82i4</subfield>
    <subfield code="D">20151110</subfield>
    <subfield code="q">7.2015,2</subfield>
    <subfield code="W">2014-11-13 01:00:00 Europe/Berlin</subfield>
    <subfield code="u">P0001</subfield>
    <subfield code="w">P0001</subfield>
  </datafield>
  <datafield tag="ITM" ind1=" " ind2=" ">
    <subfield code="H">22146405410006463</subfield>
    <subfield code="x">50</subfield>
    <subfield code="f">ISSBD</subfield>
    <subfield code="v">50</subfield>
    <subfield code="p">36</subfield>
    <subfield code="X">m.lange</subfield>
    <subfield code="U">2014-11-13 11:59:00 Europe/Berlin</subfield>
    <subfield code="Y">2023-11-30 09:14:23 Europe/Berlin</subfield>
    <subfield code="h">false</subfield>
    <subfield code="e">00001</subfield>
    <subfield code="P">51///</subfield>
    <subfield code="j">2</subfield>
    <subfield code="i">6</subfield>
    <subfield code="k">2014</subfield>
    <subfield code="M">49HBZ_PAD</subfield>
    <subfield code="s">1</subfield>
    <subfield code="d">8</subfield>
    <subfield code="V">import</subfield>
    <subfield code="b">1549283-160</subfield>
    <subfield code="a">23146405330006463</subfield>
    <subfield code="R">Maintenance count: 001</subfield>
    <subfield code="c">82i4</subfield>
    <subfield code="D">20141113</subfield>
    <subfield code="q">6.2014,2</subfield>
    <subfield code="W">2013-12-19 01:00:00 Europe/Berlin</subfield>
    <subfield code="u">P0001</subfield>
    <subfield code="w">P0001</subfield>
  </datafield>
  <datafield tag="ITM" ind1=" " ind2=" ">
    <subfield code="H">22146405410006463</subfield>
    <subfield code="x">50</subfield>
    <subfield code="f">ISSBD</subfield>
    <subfield code="v">50</subfield>
    <subfield code="p">36</subfield>
    <subfield code="X">m.lange</subfield>
    <subfield code="U">2015-04-13 09:13:00 Europe/Berlin</subfield>
    <subfield code="Y">2023-11-30 09:14:23 Europe/Berlin</subfield>
    <subfield code="h">false</subfield>
    <subfield code="e">00001</subfield>
    <subfield code="P">51///</subfield>
    <subfield code="j">1</subfield>
    <subfield code="i">7</subfield>
    <subfield code="k">2015</subfield>
    <subfield code="M">49HBZ_PAD</subfield>
    <subfield code="s">1</subfield>
    <subfield code="d">8</subfield>
    <subfield code="V">import</subfield>
    <subfield code="b">1549283-170</subfield>
    <subfield code="a">23146405320006463</subfield>
    <subfield code="c">82i4</subfield>
    <subfield code="D">2015-04-14 07:12:58</subfield>
    <subfield code="q">7.2015,1</subfield>
    <subfield code="W">2014-11-13 01:00:00 Europe/Berlin</subfield>
    <subfield code="u">P0001</subfield>
    <subfield code="w">P0001</subfield>
  </datafield>
  <datafield tag="ITM" ind1=" " ind2=" ">
    <subfield code="H">22146405410006463</subfield>
    <subfield code="x">50</subfield>
    <subfield code="f">ISSBD</subfield>
    <subfield code="v">50</subfield>
    <subfield code="p">36</subfield>
    <subfield code="X">m.lange</subfield>
    <subfield code="U">2018-11-12 11:59:00 Europe/Berlin</subfield>
    <subfield code="Y">2023-11-30 09:14:23 Europe/Berlin</subfield>
    <subfield code="h">false</subfield>
    <subfield code="e">00001</subfield>
    <subfield code="P">51///</subfield>
    <subfield code="j">2</subfield>
    <subfield code="i">10</subfield>
    <subfield code="k">2018</subfield>
    <subfield code="M">49HBZ_PAD</subfield>
    <subfield code="s">1</subfield>
    <subfield code="d">8</subfield>
    <subfield code="V">import</subfield>
    <subfield code="b">1549283-240</subfield>
    <subfield code="a">23146405250006463</subfield>
    <subfield code="c">82i4</subfield>
    <subfield code="D">20181112</subfield>
    <subfield code="q">10.2018,2</subfield>
    <subfield code="W">2017-11-22 01:00:00 Europe/Berlin</subfield>
    <subfield code="u">P0001</subfield>
    <subfield code="w">P0001</subfield>
  </datafield>
  <datafield tag="ITM" ind1=" " ind2=" ">
    <subfield code="H">22146405410006463</subfield>
    <subfield code="x">50</subfield>
    <subfield code="f">ISSBD</subfield>
    <subfield code="v">50</subfield>
    <subfield code="p">36</subfield>
    <subfield code="X">m.lange</subfield>
    <subfield code="U">2016-03-09 11:59:00 Europe/Berlin</subfield>
    <subfield code="Y">2023-11-30 09:14:23 Europe/Berlin</subfield>
    <subfield code="h">false</subfield>
    <subfield code="e">00001</subfield>
    <subfield code="P">51///</subfield>
    <subfield code="j">1</subfield>
    <subfield code="i">8</subfield>
    <subfield code="k">2016</subfield>
    <subfield code="M">49HBZ_PAD</subfield>
    <subfield code="s">1</subfield>
    <subfield code="d">8</subfield>
    <subfield code="V">import</subfield>
    <subfield code="b">1549283-190</subfield>
    <subfield code="a">23146405300006463</subfield>
    <subfield code="c">82i4</subfield>
    <subfield code="D">20160309</subfield>
    <subfield code="q">8.2016,1</subfield>
    <subfield code="W">2015-12-01 01:00:00 Europe/Berlin</subfield>
    <subfield code="u">P0001</subfield>
    <subfield code="w">P0001</subfield>
  </datafield>
  <datafield tag="ITM" ind1=" " ind2=" ">
    <subfield code="H">22146405410006463</subfield>
    <subfield code="x">50</subfield>
    <subfield code="f">ISSBD</subfield>
    <subfield code="v">50</subfield>
    <subfield code="p">36</subfield>
    <subfield code="X">m.lange</subfield>
    <subfield code="U">2020-10-22 12:59:00 Europe/Berlin</subfield>
    <subfield code="Y">2023-11-30 09:14:23 Europe/Berlin</subfield>
    <subfield code="h">false</subfield>
    <subfield code="e">00001</subfield>
    <subfield code="P">51///</subfield>
    <subfield code="j">2</subfield>
    <subfield code="i">12</subfield>
    <subfield code="k">2020</subfield>
    <subfield code="M">49HBZ_PAD</subfield>
    <subfield code="s">1</subfield>
    <subfield code="d">8</subfield>
    <subfield code="V">import</subfield>
    <subfield code="b">1549283-300</subfield>
    <subfield code="a">23146405210006463</subfield>
    <subfield code="c">82i4</subfield>
    <subfield code="D">20201022</subfield>
    <subfield code="q">12.2020,2</subfield>
    <subfield code="W">2019-11-15 01:00:00 Europe/Berlin</subfield>
    <subfield code="u">P0001</subfield>
    <subfield code="w">P0001</subfield>
  </datafield>
  <datafield tag="ITM" ind1=" " ind2=" ">
    <subfield code="H">22146405410006463</subfield>
    <subfield code="x">50</subfield>
    <subfield code="f">ISSBD</subfield>
    <subfield code="v">50</subfield>
    <subfield code="p">36</subfield>
    <subfield code="X">m.lange</subfield>
    <subfield code="U">2020-08-03 12:59:00 Europe/Berlin</subfield>
    <subfield code="Y">2023-11-30 09:14:23 Europe/Berlin</subfield>
    <subfield code="h">false</subfield>
    <subfield code="e">00001</subfield>
    <subfield code="P">51///</subfield>
    <subfield code="j">1</subfield>
    <subfield code="i">12</subfield>
    <subfield code="k">2020</subfield>
    <subfield code="M">49HBZ_PAD</subfield>
    <subfield code="s">1</subfield>
    <subfield code="d">8</subfield>
    <subfield code="V">import</subfield>
    <subfield code="b">1549283-290</subfield>
    <subfield code="a">23146405220006463</subfield>
    <subfield code="c">82i4</subfield>
    <subfield code="D">20200807</subfield>
    <subfield code="q">12.2020,1</subfield>
    <subfield code="W">2019-11-15 01:00:00 Europe/Berlin</subfield>
    <subfield code="u">P0001</subfield>
    <subfield code="w">P0001</subfield>
  </datafield>
  <datafield tag="ITM" ind1=" " ind2=" ">
    <subfield code="H">22146405410006463</subfield>
    <subfield code="x">50</subfield>
    <subfield code="f">ISSBD</subfield>
    <subfield code="v">50</subfield>
    <subfield code="p">36</subfield>
    <subfield code="X">m.lange</subfield>
    <subfield code="U">2019-11-11 11:59:00 Europe/Berlin</subfield>
    <subfield code="Y">2023-11-30 09:14:23 Europe/Berlin</subfield>
    <subfield code="h">false</subfield>
    <subfield code="e">00001</subfield>
    <subfield code="P">51///</subfield>
    <subfield code="j">1</subfield>
    <subfield code="i">11</subfield>
    <subfield code="k">2019</subfield>
    <subfield code="M">49HBZ_PAD</subfield>
    <subfield code="s">1</subfield>
    <subfield code="d">8</subfield>
    <subfield code="V">import</subfield>
    <subfield code="b">1549283-270</subfield>
    <subfield code="a">23146405240006463</subfield>
    <subfield code="c">82i4</subfield>
    <subfield code="D">20191111</subfield>
    <subfield code="q">11.2019,1</subfield>
    <subfield code="W">2019-11-11 01:00:00 Europe/Berlin</subfield>
    <subfield code="u">P0001</subfield>
    <subfield code="w">P0001</subfield>
  </datafield>
  <datafield tag="ITM" ind1=" " ind2=" ">
    <subfield code="H">22146405410006463</subfield>
    <subfield code="x">50</subfield>
    <subfield code="f">ISSBD</subfield>
    <subfield code="v">50</subfield>
    <subfield code="p">36</subfield>
    <subfield code="X">m.lange</subfield>
    <subfield code="U">2018-05-08 12:59:00 Europe/Berlin</subfield>
    <subfield code="Y">2023-11-30 09:14:23 Europe/Berlin</subfield>
    <subfield code="h">false</subfield>
    <subfield code="e">00001</subfield>
    <subfield code="P">51///</subfield>
    <subfield code="j">1</subfield>
    <subfield code="i">10</subfield>
    <subfield code="k">2018</subfield>
    <subfield code="M">49HBZ_PAD</subfield>
    <subfield code="s">1</subfield>
    <subfield code="d">8</subfield>
    <subfield code="V">import</subfield>
    <subfield code="b">1549283-230</subfield>
    <subfield code="a">23146405260006463</subfield>
    <subfield code="c">82i4</subfield>
    <subfield code="D">20180508</subfield>
    <subfield code="q">10.2018,1</subfield>
    <subfield code="W">2017-11-22 01:00:00 Europe/Berlin</subfield>
    <subfield code="u">P0001</subfield>
    <subfield code="w">P0001</subfield>
  </datafield>
  <datafield tag="ITM" ind1=" " ind2=" ">
    <subfield code="H">22146405410006463</subfield>
    <subfield code="x">50</subfield>
    <subfield code="f">ISSBD</subfield>
    <subfield code="v">50</subfield>
    <subfield code="p">36</subfield>
    <subfield code="X">m.lange</subfield>
    <subfield code="U">2013-03-28 11:59:00 Europe/Berlin</subfield>
    <subfield code="Y">2023-11-30 09:14:23 Europe/Berlin</subfield>
    <subfield code="h">false</subfield>
    <subfield code="e">00001</subfield>
    <subfield code="P">51///</subfield>
    <subfield code="j">1</subfield>
    <subfield code="i">4</subfield>
    <subfield code="k">2012</subfield>
    <subfield code="M">49HBZ_PAD</subfield>
    <subfield code="s">1</subfield>
    <subfield code="d">8</subfield>
    <subfield code="V">import</subfield>
    <subfield code="b">1549283-140</subfield>
    <subfield code="a">23146405350006463</subfield>
    <subfield code="c">82i4</subfield>
    <subfield code="D">20130328</subfield>
    <subfield code="q">4.2012</subfield>
    <subfield code="W">2013-03-28 01:00:00 Europe/Berlin</subfield>
    <subfield code="u">P0001</subfield>
    <subfield code="w">P0001</subfield>
  </datafield>
  <datafield tag="ITM" ind1=" " ind2=" ">
    <subfield code="H">22146405410006463</subfield>
    <subfield code="x">50</subfield>
    <subfield code="f">ISSBD</subfield>
    <subfield code="v">50</subfield>
    <subfield code="p">36</subfield>
    <subfield code="X">m.lange</subfield>
    <subfield code="U">2014-03-27 11:59:00 Europe/Berlin</subfield>
    <subfield code="Y">2023-11-30 09:14:23 Europe/Berlin</subfield>
    <subfield code="h">false</subfield>
    <subfield code="e">00001</subfield>
    <subfield code="P">51///</subfield>
    <subfield code="j">1</subfield>
    <subfield code="i">6</subfield>
    <subfield code="k">2014</subfield>
    <subfield code="M">49HBZ_PAD</subfield>
    <subfield code="s">1</subfield>
    <subfield code="d">8</subfield>
    <subfield code="V">import</subfield>
    <subfield code="b">1549283-150</subfield>
    <subfield code="a">23146405340006463</subfield>
    <subfield code="R">Maintenance count: 002</subfield>
    <subfield code="c">82i4</subfield>
    <subfield code="D">20140901</subfield>
    <subfield code="q">6.2014,1</subfield>
    <subfield code="W">2013-12-19 01:00:00 Europe/Berlin</subfield>
    <subfield code="u">P0001</subfield>
    <subfield code="w">P0001</subfield>
  </datafield>
  <datafield tag="ITM" ind1=" " ind2=" ">
    <subfield code="H">22146405410006463</subfield>
    <subfield code="x">50</subfield>
    <subfield code="f">ISSBD</subfield>
    <subfield code="v">50</subfield>
    <subfield code="p">36</subfield>
    <subfield code="X">m.lange</subfield>
    <subfield code="U">2013-03-28 11:59:00 Europe/Berlin</subfield>
    <subfield code="Y">2023-11-30 09:14:23 Europe/Berlin</subfield>
    <subfield code="h">false</subfield>
    <subfield code="e">00001</subfield>
    <subfield code="P">51///</subfield>
    <subfield code="j">1</subfield>
    <subfield code="i">2</subfield>
    <subfield code="k">2010</subfield>
    <subfield code="M">49HBZ_PAD</subfield>
    <subfield code="s">1</subfield>
    <subfield code="d">8</subfield>
    <subfield code="V">import</subfield>
    <subfield code="b">1549283-120</subfield>
    <subfield code="a">23146405370006463</subfield>
    <subfield code="c">82i4</subfield>
    <subfield code="D">20130328</subfield>
    <subfield code="q">2.2010</subfield>
    <subfield code="W">2013-03-28 01:00:00 Europe/Berlin</subfield>
    <subfield code="u">P0001</subfield>
    <subfield code="w">P0001</subfield>
  </datafield>
  <datafield tag="ITM" ind1=" " ind2=" ">
    <subfield code="H">22146405410006463</subfield>
    <subfield code="x">50</subfield>
    <subfield code="f">ISSBD</subfield>
    <subfield code="v">50</subfield>
    <subfield code="p">36</subfield>
    <subfield code="X">m.lange</subfield>
    <subfield code="U">2013-03-28 11:59:00 Europe/Berlin</subfield>
    <subfield code="Y">2023-11-30 09:14:23 Europe/Berlin</subfield>
    <subfield code="h">false</subfield>
    <subfield code="e">00001</subfield>
    <subfield code="P">51///</subfield>
    <subfield code="j">1</subfield>
    <subfield code="i">3</subfield>
    <subfield code="k">2011</subfield>
    <subfield code="M">49HBZ_PAD</subfield>
    <subfield code="s">1</subfield>
    <subfield code="d">8</subfield>
    <subfield code="V">import</subfield>
    <subfield code="b">1549283-130</subfield>
    <subfield code="a">23146405360006463</subfield>
    <subfield code="R">Maintenance count: 002</subfield>
    <subfield code="c">82i4</subfield>
    <subfield code="D">20130328</subfield>
    <subfield code="q">3.2011</subfield>
    <subfield code="W">2013-03-28 01:00:00 Europe/Berlin</subfield>
    <subfield code="u">P0001</subfield>
    <subfield code="w">P0001</subfield>
  </datafield>
  <datafield tag="ITM" ind1=" " ind2=" ">
    <subfield code="H">22146405410006463</subfield>
    <subfield code="x">50</subfield>
    <subfield code="f">ISSBD</subfield>
    <subfield code="v">50</subfield>
    <subfield code="p">36</subfield>
    <subfield code="X">m.lange</subfield>
    <subfield code="U">2023-11-23 12:04:18 Europe/Berlin</subfield>
    <subfield code="Y">2023-11-30 09:14:23 Europe/Berlin</subfield>
    <subfield code="j">2</subfield>
    <subfield code="i">15</subfield>
    <subfield code="k">2023</subfield>
    <subfield code="M">49HBZ_PAD</subfield>
    <subfield code="s">1</subfield>
    <subfield code="d">8</subfield>
    <subfield code="V">mi.bührmann</subfield>
    <subfield code="b">2505083</subfield>
    <subfield code="a">23186109900006463</subfield>
    <subfield code="c">82i4</subfield>
    <subfield code="q">15.2023,2</subfield>
    <subfield code="W">2022-10-28 14:54:45 Europe/Berlin</subfield>
    <subfield code="u">P0001</subfield>
    <subfield code="w">P0001</subfield>
  </datafield>
  <datafield tag="ITM" ind1=" " ind2=" ">
    <subfield code="H">22146405410006463</subfield>
    <subfield code="x">50</subfield>
    <subfield code="f">ISSUE</subfield>
    <subfield code="v">50</subfield>
    <subfield code="p">36</subfield>
    <subfield code="X">m.lange</subfield>
    <subfield code="Y">2023-11-30 09:14:58 Europe/Berlin</subfield>
    <subfield code="j">2</subfield>
    <subfield code="i">16</subfield>
    <subfield code="k">2024</subfield>
    <subfield code="M">49HBZ_PAD</subfield>
    <subfield code="s">0</subfield>
    <subfield code="d">8</subfield>
    <subfield code="V">m.lange</subfield>
    <subfield code="b">2531820</subfield>
    <subfield code="a">23196128600006463</subfield>
    <subfield code="c">82i4</subfield>
    <subfield code="r">ACQ</subfield>
    <subfield code="q">16.2024,2</subfield>
    <subfield code="W">2023-11-30 09:14:26 Europe/Berlin</subfield>
    <subfield code="u">P0001</subfield>
    <subfield code="w">P0001</subfield>
  </datafield>
  <datafield tag="ITM" ind1=" " ind2=" ">
    <subfield code="H">22146405410006463</subfield>
    <subfield code="x">50</subfield>
    <subfield code="f">ISSUE</subfield>
    <subfield code="v">50</subfield>
    <subfield code="p">36</subfield>
    <subfield code="X">m.lange</subfield>
    <subfield code="Y">2023-11-30 09:14:45 Europe/Berlin</subfield>
    <subfield code="j">1</subfield>
    <subfield code="i">16</subfield>
    <subfield code="k">2024</subfield>
    <subfield code="M">49HBZ_PAD</subfield>
    <subfield code="s">0</subfield>
    <subfield code="d">8</subfield>
    <subfield code="V">m.lange</subfield>
    <subfield code="b">2531819</subfield>
    <subfield code="a">23196128610006463</subfield>
    <subfield code="c">82i4</subfield>
    <subfield code="r">ACQ</subfield>
    <subfield code="q">16.2024,1</subfield>
    <subfield code="W">2023-11-30 09:14:26 Europe/Berlin</subfield>
    <subfield code="u">P0001</subfield>
    <subfield code="w">P0001</subfield>
  </datafield>
  <datafield tag="GST" ind1=" " ind2=" ">
    <subfield code="a">Baukunst</subfield>
    <subfield code="A">GND</subfield>
    <subfield code="B">GND-040028518</subfield>
    <subfield code="C">450</subfield>
  </datafield>
  <datafield tag="GSI" ind1="7" ind2=" ">
    <subfield code="a">http://d-nb.info/gnd/4002851-3</subfield>
    <subfield code="2">uri</subfield>
    <subfield code="A">GND</subfield>
    <subfield code="B">GND-040028518</subfield>
    <subfield code="C">024</subfield>
  </datafield>
</record>
